<?xml version="1.0" encoding="UTF-8"?>
<!DOCTYPE html PUBLIC "-//W3C//DTD XHTML 1.0 Transitional//EN"
    "http://www.w3.org/TR/xhtml1/DTD/xhtml1-transitional.dtd">
<html xmlns="http://www.w3.org/1999/xhtml" xml:lang="en" lang="en">
 <head>
  <title>
</title>
<meta http-equiv="Content-Type" content="text/html;charset=utf-8" />
  <meta name='ocr-system' content='tesseract 3.04.00' />
  <meta name='ocr-capabilities' content='ocr_page ocr_carea ocr_par ocr_line ocrx_word'/>
</head>
<body>
  <div class='ocr_page' id='page_1' title='image "./denicolaomusetog00bduoft_0021.png"; bbox 0 0 1851 2949; ppageno 0'>
   <div class='ocr_carea' id='block_1_1' title="bbox 167 293 1653 429">
    <p class='ocr_par' dir='ltr' id='par_1_1' title="bbox 167 293 1653 429">
     <span class='ocr_line' id='line_1_1' title="bbox 167 293 1653 352; baseline 0.001 -14"><span class='ocrx_word' id='word_1_1' title='bbox 167 296 280 338; x_wconf 85' lang='lat' dir='ltr'><strong>viam</strong></span> <span class='ocrx_word' id='word_1_2' title='bbox 301 293 438 338; x_wconf 91' lang='lat' dir='ltr'><strong>adhuc</strong></span> <span class='ocrx_word' id='word_1_3' title='bbox 458 294 710 352; x_wconf 81' lang='lat' dir='ltr'><strong>impeditam</strong></span> <span class='ocrx_word' id='word_1_4' title='bbox 737 293 881 337; x_wconf 87' lang='lat' dir='ltr'><strong>indico</strong></span> <span class='ocrx_word' id='word_1_5' title='bbox 915 305 956 337; x_wconf 89' lang='lat' dir='ltr'><strong>et</strong></span> <span class='ocrx_word' id='word_1_6' title='bbox 985 293 1120 338; x_wconf 92' lang='lat' dir='ltr'><strong>oculis</strong></span> <span class='ocrx_word' id='word_1_7' title='bbox 1148 295 1382 352; x_wconf 83' lang='lat' dir='ltr'>prospicio,</span> <span class='ocrx_word' id='word_1_8' title='bbox 1409 310 1536 352; x_wconf 89' lang='lat' dir='ltr'><strong>quarn</strong></span> <span class='ocrx_word' id='word_1_9' title='bbox 1565 311 1653 339; x_wconf 92' lang='lat' dir='ltr'><strong>non</strong></span> 
     </span>
     <span class='ocr_line' id='line_1_2' title="bbox 167 370 1176 429; baseline -0.004 -13"><span class='ocrx_word' id='word_1_10' title='bbox 167 371 305 426; x_wconf 89' lang='lat' dir='ltr'><strong>nobis,</strong></span> <span class='ocrx_word' id='word_1_11' title='bbox 327 372 506 429; x_wconf 82' lang='lat' dir='ltr'><strong>posteris</strong></span> <span class='ocrx_word' id='word_1_12' title='bbox 533 370 698 424; x_wconf 88' lang='lat' dir='ltr'><strong>saltem,</strong></span> <span class='ocrx_word' id='word_1_13' title='bbox 741 370 881 414; x_wconf 81' lang='lat' dir='ltr'><strong>licebit</strong></span> <span class='ocrx_word' id='word_1_14' title='bbox 911 385 1176 427; x_wconf 83' lang='lat' dir='ltr'><strong>percursare.</strong></span> 
     </span>
    </p>
   </div>
   <div class='ocr_carea' id='block_1_2' title="bbox 165 454 1656 1425">
    <p class='ocr_par' dir='ltr' id='par_1_2' title="bbox 165 454 1656 973">
     <span class='ocr_line' id='line_1_3' title="bbox 227 454 1651 513; baseline 0 -13"><span class='ocrx_word' id='word_1_15' title='bbox 227 457 357 510; x_wconf 88' lang='lat' dir='ltr'><strong>Nam,</strong></span> <span class='ocrx_word' id='word_1_16' title='bbox 396 471 494 500; x_wconf 91' lang='lat' dir='ltr'><strong>cum</strong></span> <span class='ocrx_word' id='word_1_17' title='bbox 523 457 606 513; x_wconf 85' lang='lat' dir='ltr'><strong>jam</strong></span> <span class='ocrx_word' id='word_1_18' title='bbox 638 456 745 499; x_wconf 89' lang='lat' dir='ltr'><strong>circa</strong></span> <span class='ocrx_word' id='word_1_19' title='bbox 770 454 885 498; x_wconf 87' lang='lat' dir='ltr'><strong>mille</strong></span> <span class='ocrx_word' id='word_1_20' title='bbox 916 454 1046 498; x_wconf 90' lang='lat' dir='ltr'><strong>medii</strong></span> <span class='ocrx_word' id='word_1_21' title='bbox 1076 456 1166 499; x_wconf 87' lang='lat' dir='ltr'><strong>aevi</strong></span> <span class='ocrx_word' id='word_1_22' title='bbox 1196 456 1383 499; x_wconf 83' lang='lat' dir='ltr'><strong>carmina</strong></span> <span class='ocrx_word' id='word_1_23' title='bbox 1413 454 1526 500; x_wconf 89' lang='lat' dir='ltr'><strong>edita</strong></span> <span class='ocrx_word' id='word_1_24' title='bbox 1551 457 1651 510; x_wconf 89' lang='lat' dir='ltr'><strong>sint,</strong></span> 
     </span>
     <span class='ocr_line' id='line_1_4' title="bbox 173 530 1655 590; baseline -0.001 -14"><span class='ocrx_word' id='word_1_25' title='bbox 173 533 292 590; x_wconf 91' lang='lat' dir='ltr'><strong>copia</strong></span> <span class='ocrx_word' id='word_1_26' title='bbox 331 533 532 575; x_wconf 88' lang='lat' dir='ltr'><strong>materiae</strong></span> <span class='ocrx_word' id='word_1_27' title='bbox 570 531 693 575; x_wconf 90' lang='lat' dir='ltr'><strong>nobis</strong></span> <span class='ocrx_word' id='word_1_28' title='bbox 728 544 894 588; x_wconf 87' lang='lat' dir='ltr'><strong>praesto</strong></span> <span class='ocrx_word' id='word_1_29' title='bbox 922 543 999 584; x_wconf 91' lang='lat' dir='ltr'><strong>est,</strong></span> <span class='ocrx_word' id='word_1_30' title='bbox 1036 530 1254 575; x_wconf 88' lang='lat' dir='ltr'><strong>incondita</strong></span> <span class='ocrx_word' id='word_1_31' title='bbox 1283 530 1476 590; x_wconf 89' lang='lat' dir='ltr'><strong>quidem,</strong></span> <span class='ocrx_word' id='word_1_32' title='bbox 1520 531 1655 575; x_wconf 88' lang='lat' dir='ltr'><strong>solida</strong></span> 
     </span>
     <span class='ocr_line' id='line_1_5' title="bbox 168 607 1655 666; baseline -0.001 -13"><span class='ocrx_word' id='word_1_33' title='bbox 168 622 329 660; x_wconf 90' lang='lat' dir='ltr'><strong>tamen,</strong></span> <span class='ocrx_word' id='word_1_34' title='bbox 371 623 455 666; x_wconf 91' lang='lat' dir='ltr'><strong>qua</strong></span> <span class='ocrx_word' id='word_1_35' title='bbox 487 608 677 652; x_wconf 90' lang='lat' dir='ltr'><strong>futurum</strong></span> <span class='ocrx_word' id='word_1_36' title='bbox 717 623 823 665; x_wconf 91' lang='lat' dir='ltr'><strong>opus</strong></span> <span class='ocrx_word' id='word_1_37' title='bbox 862 607 1077 660; x_wconf 84' lang='lat' dir='ltr'><strong>inchoare,</strong></span> <span class='ocrx_word' id='word_1_38' title='bbox 1115 607 1279 651; x_wconf 90' lang='lat' dir='ltr'><strong>futuras</strong></span> <span class='ocrx_word' id='word_1_39' title='bbox 1321 607 1444 652; x_wconf 89' lang='lat' dir='ltr'><strong>aedes</strong></span> <span class='ocrx_word' id='word_1_40' title='bbox 1476 608 1655 652; x_wconf 88' lang='lat' dir='ltr'><strong>fundare</strong></span> 
     </span>
     <span class='ocr_line' id='line_1_6' title="bbox 165 683 1656 744; baseline -0.001 -15"><span class='ocrx_word' id='word_1_41' title='bbox 165 686 396 744; x_wconf 89' lang='lat' dir='ltr'><strong>possimus.</strong></span> <span class='ocrx_word' id='word_1_42' title='bbox 427 685 595 728; x_wconf 83' lang='lat' dir='ltr'><strong>Etenim</strong></span> <span class='ocrx_word' id='word_1_43' title='bbox 623 683 730 727; x_wconf 89' lang='lat' dir='ltr'><strong>hanc</strong></span> <span class='ocrx_word' id='word_1_44' title='bbox 759 683 1015 741; x_wconf 82' lang='lat' dir='ltr'><strong>indigestam</strong></span> <span class='ocrx_word' id='word_1_45' title='bbox 1037 684 1199 728; x_wconf 90' lang='lat' dir='ltr'><strong>molem</strong></span> <span class='ocrx_word' id='word_1_46' title='bbox 1231 699 1352 727; x_wconf 86' lang='lat' dir='ltr'><strong>mens</strong></span> <span class='ocrx_word' id='word_1_47' title='bbox 1378 686 1506 742; x_wconf 88' lang='lat' dir='ltr'><strong>agitat</strong></span> <span class='ocrx_word' id='word_1_48' title='bbox 1530 701 1656 743; x_wconf 93' lang='lat' dir='ltr'><strong>quae-</strong></span> 
     </span>
     <span class='ocr_line' id='line_1_7' title="bbox 167 760 1656 819; baseline 0 -14"><span class='ocrx_word' id='word_1_49' title='bbox 167 761 281 816; x_wconf 87' lang='lat' dir='ltr'>dam,</span> <span class='ocrx_word' id='word_1_50' title='bbox 312 777 418 819; x_wconf 89' lang='lat' dir='ltr'><strong>quae</strong></span> <span class='ocrx_word' id='word_1_51' title='bbox 444 775 597 805; x_wconf 89' lang='lat' dir='ltr'><strong>omnes</strong></span> <span class='ocrx_word' id='word_1_52' title='bbox 621 760 734 804; x_wconf 90' lang='lat' dir='ltr'><strong>illius</strong></span> <span class='ocrx_word' id='word_1_53' title='bbox 761 762 906 804; x_wconf 89' lang='lat' dir='ltr'><strong>aetatis</strong></span> <span class='ocrx_word' id='word_1_54' title='bbox 931 773 1075 818; x_wconf 89' lang='lat' dir='ltr'><strong>poetas</strong></span> <span class='ocrx_word' id='word_1_55' title='bbox 1102 761 1272 814; x_wconf 80' lang='lat' dir='ltr'><strong>afflavit,</strong></span> <span class='ocrx_word' id='word_1_56' title='bbox 1305 777 1442 819; x_wconf 89' lang='lat' dir='ltr'><strong>neque</strong></span> <span class='ocrx_word' id='word_1_57' title='bbox 1474 761 1656 805; x_wconf 89' lang='lat' dir='ltr'><strong>arduum</strong></span> 
     </span>
     <span class='ocr_line' id='line_1_8' title="bbox 168 838 1653 895; baseline -0.001 -13"><span class='ocrx_word' id='word_1_58' title='bbox 168 851 230 882; x_wconf 92' lang='lat' dir='ltr'><strong>est</strong></span> <span class='ocrx_word' id='word_1_59' title='bbox 258 839 412 881; x_wconf 90' lang='lat' dir='ltr'><strong>seriem</strong></span> <span class='ocrx_word' id='word_1_60' title='bbox 436 838 733 881; x_wconf 88' lang='lat' dir='ltr'><strong>communium</strong></span> <span class='ocrx_word' id='word_1_61' title='bbox 747 838 948 881; x_wconf 88' lang='lat' dir='ltr'><strong>omnibus</strong></span> <span class='ocrx_word' id='word_1_62' title='bbox 962 850 1313 895; x_wconf 88' lang='lat' dir='ltr'><strong>argumentorum</strong></span> <span class='ocrx_word' id='word_1_63' title='bbox 1330 853 1653 895; x_wconf 82' lang='lat' dir='ltr'><strong>recognoscere,</strong></span> 
     </span>
     <span class='ocr_line' id='line_1_9' title="bbox 169 912 1223 973; baseline -0.003 -14"><span class='ocrx_word' id='word_1_64' title='bbox 169 928 209 959; x_wconf 93' lang='lat' dir='ltr'><strong>et</strong></span> <span class='ocrx_word' id='word_1_65' title='bbox 229 914 459 973; x_wconf 88' lang='lat' dir='ltr'><strong>lyricorum</strong></span> <span class='ocrx_word' id='word_1_66' title='bbox 479 913 717 957; x_wconf 87' lang='lat' dir='ltr'><strong>thematum</strong></span> <span class='ocrx_word' id='word_1_67' title='bbox 741 912 928 956; x_wconf 90' lang='lat' dir='ltr'><strong>indicem</strong></span> <span class='ocrx_word' id='word_1_68' title='bbox 952 913 1223 971; x_wconf 86' lang='lat' dir='ltr'><strong>perscribere.</strong></span> 
     </span>
    </p>

    <p class='ocr_par' dir='ltr' id='par_1_3' title="bbox 167 997 1656 1425">
     <span class='ocr_line' id='line_1_10' title="bbox 228 997 1656 1058; baseline -0.001 -15"><span class='ocrx_word' id='word_1_69' title='bbox 228 1000 296 1044; x_wconf 89' lang='lat' dir='ltr'><strong>Sic</strong></span> <span class='ocrx_word' id='word_1_70' title='bbox 322 998 453 1042; x_wconf 90' lang='lat' dir='ltr'><strong>medii</strong></span> <span class='ocrx_word' id='word_1_71' title='bbox 478 999 569 1042; x_wconf 89' lang='lat' dir='ltr'><strong>aevi</strong></span> <span class='ocrx_word' id='word_1_72' title='bbox 595 997 716 1056; x_wconf 90' lang='lat' dir='ltr'><strong>lyrici</strong></span> <span class='ocrx_word' id='word_1_73' title='bbox 739 997 956 1056; x_wconf 82' lang='lat' dir='ltr'><strong>exemplar</strong></span> <span class='ocrx_word' id='word_1_74' title='bbox 987 1011 1027 1041; x_wconf 92' lang='lat' dir='ltr'><strong>et</strong></span> <span class='ocrx_word' id='word_1_75' title='bbox 1054 999 1171 1056; x_wconf 84' lang='lat' dir='ltr'><strong>quasi</strong></span> <span class='ocrx_word' id='word_1_76' title='bbox 1198 999 1445 1058; x_wconf 77' lang='lat' dir='ltr'><strong>archetypum</strong></span> <span class='ocrx_word' id='word_1_77' title='bbox 1465 999 1541 1043; x_wconf 89' lang='lat' dir='ltr'><strong>tibi</strong></span> <span class='ocrx_word' id='word_1_78' title='bbox 1562 1001 1656 1042; x_wconf 90' lang='lat' dir='ltr'><strong>ani-</strong></span> 
     </span>
     <span class='ocr_line' id='line_1_11' title="bbox 168 1074 1654 1133; baseline 0 -14"><span class='ocrx_word' id='word_1_79' title='bbox 168 1092 242 1120; x_wconf 90' lang='lat' dir='ltr'><strong>mo</strong></span> <span class='ocrx_word' id='word_1_80' title='bbox 287 1074 488 1133; x_wconf 81' lang='lat' dir='ltr'><strong>effingere</strong></span> <span class='ocrx_word' id='word_1_81' title='bbox 535 1087 676 1132; x_wconf 76' lang='lat' dir='ltr'><strong>potes,</strong></span> <span class='ocrx_word' id='word_1_82' title='bbox 719 1086 839 1132; x_wconf 91' lang='lat' dir='ltr'><strong>potes</strong></span> <span class='ocrx_word' id='word_1_83' title='bbox 879 1074 1224 1118; x_wconf 86' lang='lat' dir='ltr'><strong>circumscribere</strong></span> <span class='ocrx_word' id='word_1_84' title='bbox 1261 1076 1371 1118; x_wconf 88' lang='lat' dir='ltr'><strong>intra</strong></span> <span class='ocrx_word' id='word_1_85' title='bbox 1406 1091 1512 1133; x_wconf 90' lang='lat' dir='ltr'><strong>quos</strong></span> <span class='ocrx_word' id='word_1_86' title='bbox 1548 1075 1654 1119; x_wconf 90' lang='lat' dir='ltr'><strong>fines</strong></span> 
     </span>
     <span class='ocr_line' id='line_1_12' title="bbox 167 1150 1654 1211; baseline -0.001 -15"><span class='ocrx_word' id='word_1_87' title='bbox 167 1152 457 1211; x_wconf 86' lang='lat' dir='ltr'><strong>unusquisque</strong></span> <span class='ocrx_word' id='word_1_88' title='bbox 480 1150 591 1194; x_wconf 88' lang='lat' dir='ltr'><strong>illius</strong></span> <span class='ocrx_word' id='word_1_89' title='bbox 618 1151 762 1194; x_wconf 89' lang='lat' dir='ltr'><strong>aetatis</strong></span> <span class='ocrx_word' id='word_1_90' title='bbox 791 1163 915 1208; x_wconf 90' lang='lat' dir='ltr'><strong>poeta</strong></span> <span class='ocrx_word' id='word_1_91' title='bbox 945 1167 1114 1194; x_wconf 87' lang='lat' dir='ltr'><strong>necesse</strong></span> <span class='ocrx_word' id='word_1_92' title='bbox 1141 1150 1397 1204; x_wconf 78' lang='lat' dir='ltr'><strong>revolvatur.</strong></span> <span class='ocrx_word' id='word_1_93' title='bbox 1435 1153 1504 1195; x_wconf 88' lang='lat' dir='ltr'><strong>Est</strong></span> <span class='ocrx_word' id='word_1_94' title='bbox 1535 1153 1654 1195; x_wconf 87' lang='lat' dir='ltr'><strong>enim</strong></span> 
     </span>
     <span class='ocr_line' id='line_1_13' title="bbox 167 1226 1650 1287; baseline -0.001 -14"><span class='ocrx_word' id='word_1_95' title='bbox 167 1229 357 1287; x_wconf 90' lang='lat' dir='ltr'><strong>quolibet</strong></span> <span class='ocrx_word' id='word_1_96' title='bbox 380 1240 589 1285; x_wconf 91' lang='lat' dir='ltr'><strong>tempore,</strong></span> <span class='ocrx_word' id='word_1_97' title='bbox 614 1239 676 1270; x_wconf 88' lang='lat' dir='ltr'><strong>est</strong></span> <span class='ocrx_word' id='word_1_98' title='bbox 696 1226 876 1271; x_wconf 88' lang='lat' dir='ltr'><strong>circulus</strong></span> <span class='ocrx_word' id='word_1_99' title='bbox 901 1226 1077 1285; x_wconf 89' lang='lat' dir='ltr'><strong>quidam</strong></span> <span class='ocrx_word' id='word_1_100' title='bbox 1107 1229 1432 1282; x_wconf 88' lang='lat' dir='ltr'><strong>sententiarum,</strong></span> <span class='ocrx_word' id='word_1_101' title='bbox 1459 1244 1650 1282; x_wconf 89' lang='lat' dir='ltr'><strong>morum,</strong></span> 
     </span>
     <span class='ocr_line' id='line_1_14' title="bbox 167 1304 1654 1363; baseline 0 -14"><span class='ocrx_word' id='word_1_102' title='bbox 167 1306 413 1358; x_wconf 86' lang='lat' dir='ltr'><strong>affectuum,</strong></span> <span class='ocrx_word' id='word_1_103' title='bbox 456 1305 502 1347; x_wconf 91' lang='lat' dir='ltr'><strong>in</strong></span> <span class='ocrx_word' id='word_1_104' title='bbox 541 1319 668 1361; x_wconf 88' lang='lat' dir='ltr'><strong>quem</strong></span> <span class='ocrx_word' id='word_1_105' title='bbox 690 1319 842 1361; x_wconf 81' lang='lat' dir='ltr'><strong>gyrum</strong></span> <span class='ocrx_word' id='word_1_106' title='bbox 876 1319 1006 1347; x_wconf 91' lang='lat' dir='ltr'><strong>nemo</strong></span> <span class='ocrx_word' id='word_1_107' title='bbox 1037 1320 1128 1348; x_wconf 90' lang='lat' dir='ltr'><strong>non</strong></span> <span class='ocrx_word' id='word_1_108' title='bbox 1155 1304 1451 1362; x_wconf 85' lang='lat' dir='ltr'><strong>compellatur,</strong></span> <span class='ocrx_word' id='word_1_109' title='bbox 1486 1321 1536 1348; x_wconf 81' lang='lat' dir='ltr'><strong>ex</strong></span> <span class='ocrx_word' id='word_1_110' title='bbox 1569 1321 1654 1363; x_wconf 91' lang='lat' dir='ltr'><strong>quo</strong></span> 
     </span>
     <span class='ocr_line' id='line_1_15' title="bbox 169 1379 619 1425; baseline -0.007 0"><span class='ocrx_word' id='word_1_111' title='bbox 169 1397 299 1425; x_wconf 90' lang='lat' dir='ltr'><strong>nemo</strong></span> <span class='ocrx_word' id='word_1_112' title='bbox 314 1380 434 1424; x_wconf 87' lang='lat' dir='ltr'><strong>facile</strong></span> <span class='ocrx_word' id='word_1_113' title='bbox 455 1379 619 1424; x_wconf 86' lang='lat' dir='ltr'><strong>evadat.</strong></span> 
     </span>
    </p>
   </div>
   <div class='ocr_carea' id='block_1_3' title="bbox 165 1464 1659 1983">
    <p class='ocr_par' dir='ltr' id='par_1_4' title="bbox 165 1464 1659 1983">
     <span class='ocr_line' id='line_1_16' title="bbox 226 1464 1654 1524; baseline -0.001 -14"><span class='ocrx_word' id='word_1_114' title='bbox 226 1465 311 1511; x_wconf 89' lang='lat' dir='ltr'><strong>Ubi</strong></span> <span class='ocrx_word' id='word_1_115' title='bbox 332 1478 473 1510; x_wconf 87' lang='lat' dir='ltr'><strong>autem</strong></span> <span class='ocrx_word' id='word_1_116' title='bbox 496 1465 609 1509; x_wconf 91' lang='lat' dir='ltr'><strong>hunc</strong></span> <span class='ocrx_word' id='word_1_117' title='bbox 624 1464 773 1509; x_wconf 92' lang='lat' dir='ltr'><strong>orbem</strong></span> <span class='ocrx_word' id='word_1_118' title='bbox 793 1464 977 1519; x_wconf 81' lang='lat' dir='ltr'><strong>duxeris,</strong></span> <span class='ocrx_word' id='word_1_119' title='bbox 1002 1466 1216 1522; x_wconf 86' lang='lat' dir='ltr'><strong>inquirere</strong></span> <span class='ocrx_word' id='word_1_120' title='bbox 1238 1465 1379 1510; x_wconf 89' lang='lat' dir='ltr'><strong>licebit</strong></span> <span class='ocrx_word' id='word_1_121' title='bbox 1399 1479 1545 1511; x_wconf 88' lang='lat' dir='ltr'><strong>utrum</strong></span> <span class='ocrx_word' id='word_1_122' title='bbox 1561 1467 1654 1524; x_wconf 92' lang='lat' dir='ltr'><strong>qui-</strong></span> 
     </span>
     <span class='ocr_line' id='line_1_17' title="bbox 166 1540 1658 1602; baseline -0.001 -15"><span class='ocrx_word' id='word_1_123' title='bbox 166 1558 248 1602; x_wconf 89' lang='lat' dir='ltr'><strong>que</strong></span> <span class='ocrx_word' id='word_1_124' title='bbox 268 1543 420 1600; x_wconf 88' lang='lat' dir='ltr'><strong>lyricus</strong></span> <span class='ocrx_word' id='word_1_125' title='bbox 447 1542 679 1600; x_wconf 83' lang='lat' dir='ltr'><strong>lyricorum</strong></span> <span class='ocrx_word' id='word_1_126' title='bbox 711 1540 988 1600; x_wconf 89' lang='lat' dir='ltr'><strong>archetypum</strong></span> <span class='ocrx_word' id='word_1_127' title='bbox 1021 1543 1109 1600; x_wconf 91' lang='lat' dir='ltr'><strong>pari</strong></span> <span class='ocrx_word' id='word_1_128' title='bbox 1137 1543 1381 1586; x_wconf 83' lang='lat' dir='ltr'><strong>imitatione</strong></span> <span class='ocrx_word' id='word_1_129' title='bbox 1409 1544 1462 1586; x_wconf 90' lang='lat' dir='ltr'><strong>sit</strong></span> <span class='ocrx_word' id='word_1_130' title='bbox 1497 1558 1658 1586; x_wconf 91' lang='lat' dir='ltr'><strong>conse-</strong></span> 
     </span>
     <span class='ocr_line' id='line_1_18' title="bbox 166 1618 1659 1674; baseline -0.001 -10"><span class='ocrx_word' id='word_1_131' title='bbox 166 1632 312 1674; x_wconf 88' lang='lat' dir='ltr'><strong>cutus;</strong></span> <span class='ocrx_word' id='word_1_132' title='bbox 342 1635 395 1663; x_wconf 91' lang='lat' dir='ltr'><strong>an</strong></span> <span class='ocrx_word' id='word_1_133' title='bbox 415 1621 523 1663; x_wconf 86' lang='lat' dir='ltr'><strong>intra</strong></span> <span class='ocrx_word' id='word_1_134' title='bbox 540 1631 675 1662; x_wconf 89' lang='lat' dir='ltr'><strong>certos</strong></span> <span class='ocrx_word' id='word_1_135' title='bbox 704 1619 827 1662; x_wconf 91' lang='lat' dir='ltr'><strong>istius</strong></span> <span class='ocrx_word' id='word_1_136' title='bbox 851 1618 997 1662; x_wconf 90' lang='lat' dir='ltr'><strong>circuli</strong></span> <span class='ocrx_word' id='word_1_137' title='bbox 1029 1618 1152 1670; x_wconf 84' lang='lat' dir='ltr'><strong>fines,</strong></span> <span class='ocrx_word' id='word_1_138' title='bbox 1183 1620 1371 1663; x_wconf 89' lang='lat' dir='ltr'><strong>minores</strong></span> <span class='ocrx_word' id='word_1_139' title='bbox 1390 1619 1535 1663; x_wconf 89' lang='lat' dir='ltr'><strong>circuli</strong></span> <span class='ocrx_word' id='word_1_140' title='bbox 1554 1621 1659 1663; x_wconf 88' lang='lat' dir='ltr'><strong>scri-</strong></span> 
     </span>
     <span class='ocr_line' id='line_1_19' title="bbox 167 1693 1656 1753; baseline -0.001 -13"><span class='ocrx_word' id='word_1_141' title='bbox 167 1695 294 1740; x_wconf 92' lang='lat' dir='ltr'><strong>bendi</strong></span> <span class='ocrx_word' id='word_1_142' title='bbox 326 1697 427 1749; x_wconf 91' lang='lat' dir='ltr'><strong>sint,</strong></span> <span class='ocrx_word' id='word_1_143' title='bbox 469 1693 512 1738; x_wconf 93' lang='lat' dir='ltr'><strong>id</strong></span> <span class='ocrx_word' id='word_1_144' title='bbox 549 1707 612 1739; x_wconf 90' lang='lat' dir='ltr'><strong>est</strong></span> <span class='ocrx_word' id='word_1_145' title='bbox 644 1710 697 1738; x_wconf 90' lang='lat' dir='ltr'><strong>an</strong></span> <span class='ocrx_word' id='word_1_146' title='bbox 731 1695 920 1738; x_wconf 90' lang='lat' dir='ltr'><strong>minores</strong></span> <span class='ocrx_word' id='word_1_147' title='bbox 954 1695 1162 1738; x_wconf 86' lang='lat' dir='ltr'><strong>creverint</strong></span> <span class='ocrx_word' id='word_1_148' title='bbox 1200 1694 1394 1739; x_wconf 88' lang='lat' dir='ltr'><strong>affinium</strong></span> <span class='ocrx_word' id='word_1_149' title='bbox 1430 1708 1656 1753; x_wconf 88' lang='lat' dir='ltr'><strong>poetarum</strong></span> 
     </span>
     <span class='ocr_line' id='line_1_20' title="bbox 165 1770 1658 1830; baseline -0.001 -13"><span class='ocrx_word' id='word_1_150' title='bbox 165 1773 332 1818; x_wconf 87' lang='lat' dir='ltr'><strong>scholae</strong></span> <span class='ocrx_word' id='word_1_151' title='bbox 360 1785 400 1816; x_wconf 88' lang='lat' dir='ltr'><strong>et</strong></span> <span class='ocrx_word' id='word_1_152' title='bbox 428 1772 548 1830; x_wconf 82' lang='lat' dir='ltr'><strong>quasi</strong></span> <span class='ocrx_word' id='word_1_153' title='bbox 574 1770 761 1814; x_wconf 89' lang='lat' dir='ltr'><strong>familiae</strong></span> <span class='ocrx_word' id='word_1_154' title='bbox 771 1788 783 1825; x_wconf 85' lang='lat'>3</span> <span class='ocrx_word' id='word_1_155' title='bbox 814 1772 906 1814; x_wconf 91' lang='lat' dir='ltr'><strong>imo</strong></span> <span class='ocrx_word' id='word_1_156' title='bbox 933 1786 986 1814; x_wconf 86' lang='lat' dir='ltr'><strong>an</strong></span> <span class='ocrx_word' id='word_1_157' title='bbox 1014 1784 1164 1829; x_wconf 87' lang='lat' dir='ltr'><strong>poetae</strong></span> <span class='ocrx_word' id='word_1_158' title='bbox 1191 1773 1430 1815; x_wconf 83' lang='lat' dir='ltr'><strong>exstiterint</strong></span> <span class='ocrx_word' id='word_1_159' title='bbox 1459 1771 1658 1816; x_wconf 89' lang='lat' dir='ltr'><strong>nonnulli</strong></span> 
     </span>
     <span class='ocr_line' id='line_1_21' title="bbox 167 1846 1655 1908; baseline 0 -15"><span class='ocrx_word' id='word_1_160' title='bbox 167 1850 256 1908; x_wconf 88' lang='lat' dir='ltr'><strong>qui,</strong></span> <span class='ocrx_word' id='word_1_161' title='bbox 286 1864 361 1907; x_wconf 91' lang='lat' dir='ltr'><strong>per</strong></span> <span class='ocrx_word' id='word_1_162' title='bbox 380 1864 423 1892; x_wconf 90' lang='lat' dir='ltr'><strong>se</strong></span> <span class='ocrx_word' id='word_1_163' title='bbox 449 1859 608 1891; x_wconf 91' lang='lat' dir='ltr'><strong>stantes</strong></span> <span class='ocrx_word' id='word_1_164' title='bbox 629 1859 670 1891; x_wconf 93' lang='lat' dir='ltr'><strong>et</strong></span> <span class='ocrx_word' id='word_1_165' title='bbox 695 1863 717 1891; x_wconf 91' lang='lat' dir='ltr'><strong>a</strong></span> <span class='ocrx_word' id='word_1_166' title='bbox 738 1848 886 1891; x_wconf 89' lang='lat' dir='ltr'><strong>ceteris</strong></span> <span class='ocrx_word' id='word_1_167' title='bbox 907 1846 1074 1900; x_wconf 88' lang='lat' dir='ltr'><strong>seclusi,</strong></span> <span class='ocrx_word' id='word_1_168' title='bbox 1104 1847 1327 1906; x_wconf 85' lang='lat' dir='ltr'><strong>archetypi</strong></span> <span class='ocrx_word' id='word_1_169' title='bbox 1351 1850 1499 1904; x_wconf 68' lang='grc' dir='ltr'>εἰδώλῳ</span> <span class='ocrx_word' id='word_1_170' title='bbox 1534 1864 1655 1906; x_wconf 89' lang='lat' dir='ltr'><strong>repu-</strong></span> 
     </span>
     <span class='ocr_line' id='line_1_22' title="bbox 168 1922 1158 1983; baseline -0.002 -15"><span class='ocrx_word' id='word_1_171' title='bbox 168 1925 412 1983; x_wconf 86' lang='lat' dir='ltr'><strong>gnaverint,</strong></span> <span class='ocrx_word' id='word_1_172' title='bbox 434 1922 595 1968; x_wconf 90' lang='lat' dir='ltr'><strong>nedum</strong></span> <span class='ocrx_word' id='word_1_173' title='bbox 617 1922 824 1968; x_wconf 88' lang='lat' dir='ltr'><strong>serviliter</strong></span> <span class='ocrx_word' id='word_1_174' title='bbox 850 1924 1158 1967; x_wconf 87' lang='lat' dir='ltr'><strong>consenserint.</strong></span> 
     </span>
    </p>
   </div>
   <div class='ocr_carea' id='block_1_4' title="bbox 167 2007 1662 2221">
    <p class='ocr_par' dir='ltr' id='par_1_5' title="bbox 167 2007 1662 2221">
     <span class='ocr_line' id='line_1_23' title="bbox 227 2007 1662 2068; baseline 0 -15"><span class='ocrx_word' id='word_1_175' title='bbox 227 2010 349 2053; x_wconf 91' lang='lat' dir='ltr'><strong>Hanc</strong></span> <span class='ocrx_word' id='word_1_176' title='bbox 376 2010 689 2068; x_wconf 87' lang='lat' dir='ltr'><strong>quaestionem,</strong></span> <span class='ocrx_word' id='word_1_177' title='bbox 726 2008 1022 2053; x_wconf 89' lang='lat' dir='ltr'><strong>deficientibus</strong></span> <span class='ocrx_word' id='word_1_178' title='bbox 1057 2007 1194 2053; x_wconf 89' lang='lat' dir='ltr'><strong>adhuc</strong></span> <span class='ocrx_word' id='word_1_179' title='bbox 1226 2009 1467 2054; x_wconf 88' lang='lat' dir='ltr'><strong>studiorum</strong></span> <span class='ocrx_word' id='word_1_180' title='bbox 1498 2011 1662 2054; x_wconf 90' lang='lat' dir='ltr'><strong>instru-</strong></span> 
     </span>
     <span class='ocr_line' id='line_1_24' title="bbox 167 2084 1660 2144; baseline -0.001 -14"><span class='ocrx_word' id='word_1_181' title='bbox 167 2087 339 2140; x_wconf 88' lang='lat' dir='ltr'><strong>mentis,</strong></span> <span class='ocrx_word' id='word_1_182' title='bbox 369 2101 500 2130; x_wconf 91' lang='lat' dir='ltr'><strong>nemo</strong></span> <span class='ocrx_word' id='word_1_183' title='bbox 524 2084 654 2130; x_wconf 91' lang='lat' dir='ltr'><strong>hodie</strong></span> <span class='ocrx_word' id='word_1_184' title='bbox 680 2086 850 2144; x_wconf 90' lang='lat' dir='ltr'><strong>penitus</strong></span> <span class='ocrx_word' id='word_1_185' title='bbox 871 2085 1087 2144; x_wconf 83' lang='lat' dir='ltr'><strong>explorare</strong></span> <span class='ocrx_word' id='word_1_186' title='bbox 1117 2087 1228 2144; x_wconf 90' lang='lat' dir='ltr'><strong>potis</strong></span> <span class='ocrx_word' id='word_1_187' title='bbox 1254 2099 1316 2131; x_wconf 91' lang='lat' dir='ltr'><strong>est</strong></span> <span class='ocrx_word' id='word_1_188' title='bbox 1332 2105 1343 2141; x_wconf 85' lang='lat'><em>3</em></span> <span class='ocrx_word' id='word_1_189' title='bbox 1382 2087 1482 2131; x_wconf 90' lang='lat' dir='ltr'><strong>licet</strong></span> <span class='ocrx_word' id='word_1_190' title='bbox 1514 2099 1660 2130; x_wconf 85' lang='lat' dir='ltr'><strong>tamen</strong></span> 
     </span>
     <span class='ocr_line' id='line_1_25' title="bbox 169 2160 1227 2221; baseline -0.001 -14"><span class='ocrx_word' id='word_1_191' title='bbox 169 2163 346 2207; x_wconf 90' lang='lat' dir='ltr'><strong>scrutari</strong></span> <span class='ocrx_word' id='word_1_192' title='bbox 368 2178 422 2207; x_wconf 91' lang='lat' dir='ltr'><strong>an</strong></span> <span class='ocrx_word' id='word_1_193' title='bbox 449 2178 515 2207; x_wconf 90' lang='lat' dir='ltr'><strong>res</strong></span> <span class='ocrx_word' id='word_1_194' title='bbox 537 2160 692 2206; x_wconf 90' lang='lat' dir='ltr'><strong>idonea</strong></span> <span class='ocrx_word' id='word_1_195' title='bbox 709 2163 777 2216; x_wconf 88' lang='lat' dir='ltr'><strong>sit,</strong></span> <span class='ocrx_word' id='word_1_196' title='bbox 810 2161 861 2206; x_wconf 89' lang='lat' dir='ltr'><strong>de</strong></span> <span class='ocrx_word' id='word_1_197' title='bbox 886 2178 967 2221; x_wconf 89' lang='lat' dir='ltr'><strong>qua</strong></span> <span class='ocrx_word' id='word_1_198' title='bbox 988 2175 1227 2221; x_wconf 84' lang='lat' dir='ltr'><strong>quaeratur.</strong></span> 
     </span>
    </p>
   </div>
   <div class='ocr_carea' id='block_1_5' title="bbox 169 2246 1658 2521">
    <p class='ocr_par' dir='ltr' id='par_1_6' title="bbox 169 2246 1658 2521">
     <span class='ocr_line' id='line_1_26' title="bbox 230 2246 1658 2307; baseline -0.001 -14"><span class='ocrx_word' id='word_1_199' title='bbox 230 2248 375 2299; x_wconf 87' lang='lat' dir='ltr'><strong>Quare</strong></span> <span class='ocrx_word' id='word_1_200' title='bbox 398 2246 481 2292; x_wconf 94' lang='lat' dir='ltr'><strong>hoc</strong></span> <span class='ocrx_word' id='word_1_201' title='bbox 505 2247 712 2306; x_wconf 90' lang='lat' dir='ltr'><strong>opusculo</strong></span> <span class='ocrx_word' id='word_1_202' title='bbox 735 2273 790 2279; x_wconf 86' lang='lat'>—</span> <span class='ocrx_word' id='word_1_203' title='bbox 815 2247 931 2306; x_wconf 92' lang='lat' dir='ltr'><strong>quod</strong></span> <span class='ocrx_word' id='word_1_204' title='bbox 966 2248 1117 2292; x_wconf 88' lang='lat' dir='ltr'><strong>futuris</strong></span> <span class='ocrx_word' id='word_1_205' title='bbox 1153 2248 1352 2306; x_wconf 88' lang='lat' dir='ltr'><strong>operibus</strong></span> <span class='ocrx_word' id='word_1_206' title='bbox 1384 2249 1503 2307; x_wconf 86' lang='lat' dir='ltr'><strong>quasi</strong></span> <span class='ocrx_word' id='word_1_207' title='bbox 1542 2263 1658 2305; x_wconf 87' lang='lat' dir='ltr'><strong>prae-</strong></span> 
     </span>
     <span class='ocr_line' id='line_1_27' title="bbox 169 2324 1657 2383; baseline -0.001 -15"><span class='ocrx_word' id='word_1_208' title='bbox 169 2324 278 2368; x_wconf 90' lang='lat' dir='ltr'><strong>ludit</strong></span> <span class='ocrx_word' id='word_1_209' title='bbox 303 2350 361 2356; x_wconf 93' lang='lat'>—</span> <span class='ocrx_word' id='word_1_210' title='bbox 383 2325 606 2368; x_wconf 90' lang='lat' dir='ltr'><strong>communi</strong></span> <span class='ocrx_word' id='word_1_211' title='bbox 628 2324 779 2381; x_wconf 93' lang='lat' dir='ltr'><strong>lyricae</strong></span> <span class='ocrx_word' id='word_1_212' title='bbox 800 2324 931 2368; x_wconf 91' lang='lat' dir='ltr'><strong>medii</strong></span> <span class='ocrx_word' id='word_1_213' title='bbox 959 2326 1052 2368; x_wconf 90' lang='lat' dir='ltr'><strong>aevi</strong></span> <span class='ocrx_word' id='word_1_214' title='bbox 1074 2340 1252 2383; x_wconf 91' lang='lat' dir='ltr'><strong>poeseos</strong></span> <span class='ocrx_word' id='word_1_215' title='bbox 1274 2341 1425 2368; x_wconf 91' lang='lat' dir='ltr'><strong>norma</strong></span> <span class='ocrx_word' id='word_1_216' title='bbox 1447 2337 1487 2367; x_wconf 92' lang='lat' dir='ltr'><strong>et</strong></span> <span class='ocrx_word' id='word_1_217' title='bbox 1513 2324 1657 2382; x_wconf 89' lang='lat' dir='ltr'><strong>regula</strong></span> 
     </span>
     <span class='ocr_line' id='line_1_28' title="bbox 170 2399 1658 2459; baseline -0.001 -15"><span class='ocrx_word' id='word_1_218' title='bbox 170 2402 359 2459; x_wconf 91' lang='lat' dir='ltr'><strong>primum</strong></span> <span class='ocrx_word' id='word_1_219' title='bbox 381 2399 571 2454; x_wconf 89' lang='lat' dir='ltr'><strong>definita,</strong></span> <span class='ocrx_word' id='word_1_220' title='bbox 603 2416 702 2444; x_wconf 90' lang='lat' dir='ltr'><strong>cum</strong></span> <span class='ocrx_word' id='word_1_221' title='bbox 731 2400 814 2445; x_wconf 92' lang='lat' dir='ltr'><strong>hoc</strong></span> <span class='ocrx_word' id='word_1_222' title='bbox 839 2400 960 2459; x_wconf 88' lang='lat' dir='ltr'><strong>lyrici</strong></span> <span class='ocrx_word' id='word_1_223' title='bbox 987 2414 1136 2459; x_wconf 90' lang='lat' dir='ltr'><strong>poetae</strong></span> <span class='ocrx_word' id='word_1_224' title='bbox 1171 2401 1398 2459; x_wconf 88' lang='lat' dir='ltr'><strong>archetypo</strong></span> <span class='ocrx_word' id='word_1_225' title='bbox 1427 2400 1658 2445; x_wconf 83' lang='lat' dir='ltr'><strong>Nicolaum</strong></span> 
     </span>
     <span class='ocr_line' id='line_1_29' title="bbox 170 2476 1318 2521; baseline -0.001 0"><span class='ocrx_word' id='word_1_226' title='bbox 170 2478 390 2521; x_wconf 89' lang='lat' dir='ltr'><strong>Musetum</strong></span> <span class='ocrx_word' id='word_1_227' title='bbox 414 2489 455 2520; x_wconf 91' lang='lat' dir='ltr'><strong>et</strong></span> <span class='ocrx_word' id='word_1_228' title='bbox 481 2477 711 2520; x_wconf 90' lang='lat' dir='ltr'><strong>Cononem</strong></span> <span class='ocrx_word' id='word_1_229' title='bbox 732 2476 1066 2521; x_wconf 87' lang='lat' dir='ltr'><strong>Bethuniensem</strong></span> <span class='ocrx_word' id='word_1_230' title='bbox 1087 2477 1318 2521; x_wconf 86' lang='lat' dir='ltr'><strong>conferam.</strong></span> 
     </span>
    </p>
   </div>
   <div class='ocr_carea' id='block_1_6' title="bbox 233 2561 1660 2623">
    <p class='ocr_par' dir='ltr' id='par_1_7' title="bbox 233 2561 1660 2623">
     <span class='ocr_line' id='line_1_30' title="bbox 233 2561 1660 2623; baseline -0.001 -16"><span class='ocrx_word' id='word_1_231' title='bbox 233 2561 367 2615; x_wconf 88' lang='lat' dir='ltr'><strong>Quod</strong></span> <span class='ocrx_word' id='word_1_232' title='bbox 393 2563 427 2606; x_wconf 92' lang='lat' dir='ltr'><strong>si</strong></span> <span class='ocrx_word' id='word_1_233' title='bbox 456 2574 604 2621; x_wconf 89' lang='lat' dir='ltr'><strong>poetae</strong></span> <span class='ocrx_word' id='word_1_234' title='bbox 624 2563 692 2607; x_wconf 87' lang='lat' dir='ltr'><strong>isti</strong></span> <span class='ocrx_word' id='word_1_235' title='bbox 713 2563 825 2608; x_wconf 91' lang='lat' dir='ltr'><strong>inter</strong></span> <span class='ocrx_word' id='word_1_236' title='bbox 850 2578 893 2606; x_wconf 90' lang='lat' dir='ltr'><strong>se</strong></span> <span class='ocrx_word' id='word_1_237' title='bbox 921 2561 1110 2623; x_wconf 84' lang='lat' dir='ltr'><strong>dispares</strong></span> <span class='ocrx_word' id='word_1_238' title='bbox 1137 2561 1340 2619; x_wconf 85' lang='lat' dir='ltr'><strong>evadunt,</strong></span> <span class='ocrx_word' id='word_1_239' title='bbox 1371 2575 1411 2606; x_wconf 91' lang='lat' dir='ltr'><strong>et</strong></span> <span class='ocrx_word' id='word_1_240' title='bbox 1438 2562 1660 2607; x_wconf 87' lang='lat' dir='ltr'><strong>communi</strong></span> 
     </span>
    </p>
   </div>
  </div>
 </body>
</html>
