1851 2949
224 312 356 367 Alter,
374 314 445 372 qui
466 329 578 357 anno
593 313 799 357 MCCVII
820 328 948 356 senex
968 312 1090 367 obiit,
1110 313 1363 357 Gertrudam
1384 312 1518 356 filiam
1533 311 1650 357 ducis

165 388 353 433 Mathaei
388 390 433 433 de
470 392 761 445 Montmorency
796 405 975 434 uxorem
1005 389 1178 434 duxerat
1205 405 1374 448 :neque
1415 388 1651 433 admodum

165 465 393 510 verisimile
425 465 589 510 videtur
615 465 666 510 ad
698 468 787 524 ejus
815 465 986 510 laudem
1013 482 1184 510 carmen
1205 481 1227 509 a
1256 467 1426 510 Museto
1452 467 1651 523 scriptum

167 541 294 586 fuisse
325 541 442 600 quod
468 541 651 586 feminae
678 554 811 586 aetate
839 541 976 586 adhuc
1006 542 1176 586 florenti
1210 541 1434 586 manifesto
1465 540 1651 585 dicatum

168 631 255 672 est;
285 617 456 677 quando
483 620 598 662 enim
634 618 846 663 Gertruda
873 619 978 663 circa
1009 634 1171 663 annum
1203 619 1456 662 MCLXXX
1486 618 1653 672 floruit,

167 695 266 739 huic
294 697 495 753 tempori,
531 707 677 753 utpote
718 696 970 753 antiquiori,
1006 695 1173 739 Nicolai
1212 711 1384 739 carmen
1423 694 1656 739 adscribere

168 770 363 814 vetitum.
603 764 612 767 “

229 845 346 889 Alter
392 859 550 901 autem,
595 847 666 905 qui
712 846 762 890 ab
813 862 927 890 anno
971 847 1177 891 MCCVII
1224 863 1357 905 usque
1401 846 1452 891 acl
1497 863 1657 892 annum

174 923 400 967 MCCXIH
414 923 730 981 Lotharingiam
751 925 904 977 tenuit,
927 925 1071 981 Agnes
1092 923 1224 967 filiam
1243 923 1483 968 Theobaldi
1497 925 1516 967 Ι
1530 925 1660 968 comi-

176 1001 229 1043 tis
256 1001 469 1043 Barrensis
497 1013 538 1044 et
565 1001 803 1053 Laurettae,
834 1000 944 1043 filiae
977 1001 1148 1044 comitis
1173 1002 1218 1044 de
1243 1001 1335 1044 Loss
1361 1002 1405 1044 in
1438 1002 1663 1045 matrimo-

175 1077 295 1120 nium
320 1076 508 1120 duxerat.
539 1077 617 1119 Fac
638 1092 731 1120 eam
752 1078 860 1120 circa
881 1093 1041 1121 annum
1063 1077 1312 1121 MCLXXV
1334 1078 1523 1135 genitam
1551 1095 1559 1121 t
1585 1079 1664 1122 etsi

176 1168 214 1196 a.
246 1152 449 1197 MCCVH
478 1169 549 1196 sex
581 1165 723 1214 partus
756 1155 839 1210 jam
867 1166 1098 1211 pepererat,
1135 1153 1241 1197 nihil
1270 1153 1409 1198 obstat
1439 1155 1543 1213 quin
1571 1171 1664 1198 eam

177 1229 396 1287 praedictis
422 1229 613 1273 versibus
638 1243 760 1287 poeta
786 1243 928 1273 noster
953 1233 1274 1288 nuncupaverit.

240 1316 284 1364 30
314 1305 446 1357 Quod
462 1305 512 1349 ad
528 1307 732 1350 comitem
748 1308 790 1350 de
810 1307 1031 1350 lVidemont
1049 1308 1211 1361 attinet,
1235 1323 1446 1366 nusquam
1464 1309 1508 1351 in
1529 1309 1666 1351 orien-

178 1382 329 1428 talibus
366 1383 525 1427 Galliae
563 1382 807 1440 regionibus
838 1383 982 1428 locum
1015 1386 1195 1442 reperias
1227 1387 1297 1443 qui
1330 1386 1517 1428 nominis
1550 1386 1668 1429 istius

179 1458 519 1514 similitudinem,
537 1461 625 1504 imo
643 1461 905 1504 vicinitatem
928 1459 1089 1514 reddat,
1112 1473 1272 1518 praeter
1298 1462 1334 1504 V
1332 1462 1539 1505 audemont
1562 1479 1569 1505 :
1592 1478 1670 1506 nec

180 1550 323 1581 tamen
344 1537 507 1580 formae
533 1538 590 1580 W
589 1537 754 1580 idemont
778 1538 989 1580 rationem
1016 1536 1167 1581 reddas
1207 1554 1214 1580 :
1245 1554 1344 1581 nam
1377 1554 1671 1597 quaecumque

182 1613 306 1672 hujus
341 1613 534 1658 vocabuli
569 1613 729 1657 formae
761 1613 867 1656 mihi
902 1627 1195 1669 occurrerunt,
1233 1630 1305 1658 eae
1343 1615 1538 1659 vocalem
1571 1631 1595 1659 a
1629 1617 1670 1659 in

182 1692 318 1749 prima
334 1690 491 1749 syllaba
512 1692 721 1734 retinuere
740 1690 891 1749 (latine
915 1692 955 1735 V
952 1691 1232 1745 ademontium,
1260 1693 1299 1735 V
1297 1692 1422 1735 adami
1434 1701 1600 1735 montem
1615 1692 1668 1750 ¹).

240 1767 550 1821 Nihilominus,
586 1769 620 1811 si
647 1783 691 1811 re
723 1783 820 1811 vera
850 1766 902 1811 de
935 1767 1123 1826 quodam
1157 1770 1314 1812 comite
1344 1768 1395 1812 de
1433 1769 1673 1813 Vaudemont

185 1846 336 1904 agitur,
364 1846 483 1903 optio
512 1844 586 1889 tibi
613 1845 735 1889 datur
761 1857 905 1889 utrum
932 1857 1058 1903 poeta
1084 1845 1149 1889 his
1175 1845 1367 1889 versibus
1395 1845 1448 1890 ad
1473 1845 1675 1904 grandae-

185 1938 289 1966 vum
315 1921 536 1965 hominem
567 1920 762 1965 directis²
792 1920 1031 1965 Gerardum
1060 1922 1098 1965 II
1129 1922 1428 1980 significaverit
1458 1924 1528 1981 qui
1563 1939 1676 1966 anno

186 1999 354 2042 MCXC
377 1997 569 2052 decessit,
592 1998 825 2056 longaevus
850 1997 984 2041 homo
1009 1997 1132 2056 (nam
1156 1998 1265 2042 filius
1286 2000 1374 2056 ejus
1400 2000 1485 2056 jam
1511 2012 1678 2044 matura

189 2087 320 2119 aetate
341 2074 510 2133 vigebat
537 2090 575 2117 a.
607 2075 939 2118 MCLXXXVII
966 2090 1051 2132 quo
1078 2073 1192 2133 apud
1219 2074 1493 2119 Tiberiadem
1518 2091 1679 2133 pugna-

189 2150 286 2209 vit),
318 2167 371 2195 an
399 2149 575 2195 Gerardi
600 2150 755 2205 filium,
790 2152 1022 2209 Hugonem
1051 2151 1088 2194 Π
1116 2153 1436 2206 memoraverit,
1466 2153 1539 2211 qui
1566 2168 1680 2196 anno

190 2228 489 2272 MCCXXXV
508 2226 575 2272 vel
600 2227 916 2271 MCCXXXVI
936 2227 1056 2271 obiit.

246 2385 275 2410 1.
304 2374 393 2409 Vide
413 2374 458 2408 A.
480 2374 672 2420 Longnon,
691 2379 740 2420 op.
763 2375 818 2408 cit.
845 2385 852 2407 :
880 2383 980 2421 1509,
997 2373 1019 2407 li
1040 2374 1124 2408 sires
1143 2373 1185 2408 de
1202 2374 1448 2411 Wadoimont.
1469 2396 1512 2400 —
1534 2376 1635 2420 1851,
1659 2377 1683 2410 li

194 2441 301 2465 cuens
330 2430 400 2464 dou
428 2429 690 2465 Vaudesmons.
714 2450 760 2454 —
788 2429 891 2476 1916,
918 2429 950 2464 la
976 2437 1149 2464 comtesse
1176 2430 1219 2465 de
1241 2430 1478 2465 Vaxdemont.
1507 2452 1554 2457 --
1579 2442 1682 2476 2005,

195 2485 368 2520 Hurrions
385 2485 428 2520 de
446 2485 696 2520 Wadesmonz.

245 2561 278 2585 2.
642 2564 660 2582 «
686 2549 731 2584 Al
751 2549 855 2584 siecle
876 2561 895 2584 a
912 2550 991 2584 bien
1012 2550 1072 2584 fait
1093 2562 1129 2584 sa
1145 2550 1224 2585 voie

625 2606 707 2645 Que
725 2605 803 2640 nuls
823 2606 911 2640 hom
929 2617 973 2640 ne
989 2605 1013 2639 li
1033 2606 1168 2641 desfent

626 2660 720 2696 Tant
739 2672 819 2696 com
837 2660 868 2695 le
881 2670 1023 2696 savront
1041 2662 1170 2696 vivant.
1195 2675 1213 2694 »
