1851 2949
203 281 357 326 Paulus
387 283 430 325 de
463 283 614 326 Musset
646 284 865 328 innocenti
900 286 1069 330 fictione
1098 289 1270 345 stirpem
1300 289 1524 332 ementitus
1546 300 1622 341 est,

144 373 240 401 cum
266 359 441 402 asseruit
467 374 510 402 se
534 360 577 402 in
605 361 816 417 majorum
842 374 1061 407 stemmate
1089 363 1319 421 superbum
1340 362 1444 407 illud
1468 379 1627 407 nomen

145 432 504 488 animadvertisse,
535 434 586 479 de
619 452 704 494 quo
736 437 923 482 misellus
953 451 1099 482 noster
1123 439 1343 496 joculator,
1375 441 1455 483 nisi
1486 439 1623 489 fallor,

145 510 300 554 risisset
332 523 341 553 t
373 511 491 555 Colin
517 512 560 554 de
583 513 763 557 Musset!
789 515 935 572 Longe
960 527 1103 558 tamen
1130 514 1245 560 abest
1272 528 1319 560 ut
1342 515 1499 559 fabulas
1529 517 1626 560 istas

145 587 339 643 princeps
367 588 641 632 somniaverit
662 588 787 632 frater
807 592 1029 634 amantior.

202 663 313 717 Jam,
343 678 455 707 anno
487 665 854 719 MDCCLXXIX‚
884 667 1075 711 narrabat
1105 668 1149 711 de
1179 669 1353 725 Paulmy
1385 683 1471 725 quo
1505 680 1627 724 pacto

144 737 421 783 Theobaldus
443 741 699 798 Campaniae
717 757 877 796 comes,
903 742 1125 786 errabundi
1147 743 1389 800 joculatoris
1412 756 1629 801 pauperta-

144 827 231 858 tem
261 817 479 860 miseratus
508 819 814 877 ingeniumque
844 821 1032 872 miratus,
1069 819 1299 865 Nicolaum
1332 821 1550 863 Musetum
1584 820 1628 862 in

144 890 323 936 domum
351 906 390 936 et
418 895 662 938 societatem
689 911 809 939 suam
833 895 1049 953 pellexerit
1079 913 1087 939 :
1116 895 1228 940 haud
1256 897 1495 949 immerito,
1526 912 1625 939 nam

141 967 345 1012 fecundus
370 968 438 1013 ille
460 971 605 1014 artifex
625 985 663 1015 et
681 972 877 1015 inventor
896 971 981 1016 duo
1007 985 1253 1030 poematum
1275 988 1427 1030 genera
1448 987 1625 1030 pepere-

146 1057 224 1098 rat,
246 1045 458 1089 saltatoria
479 1048 665 1090 carmina
683 1061 722 1091 et
742 1048 1028 1093 cantiunculas
1047 1064 1149 1106 quas
1168 1049 1407 1094 vaudevz'lles
1425 1047 1618 1092 dicimus.

149 1121 309 1174 Quare,
343 1121 580 1166 Theobaldi
615 1126 721 1180 regis
758 1124 898 1168 favore
931 1124 1035 1168 adeo
1069 1125 1346 1182 locupletatus
1377 1138 1438 1168 est
1473 1140 1628 1182 egenus

146 1197 214 1239 ille
240 1197 444 1242 Nicolaus
474 1200 545 1256 qui
573 1199 741 1243 sedibus
768 1202 939 1244 incertis
969 1200 1102 1258 pridie
1130 1200 1356 1258 vagabatur
1380 1214 1425 1243 ut
1457 1214 1627 1258 sumptu

146 1275 307 1331 privato
332 1273 454 1318 aedes
478 1275 630 1319 Sancto
651 1276 818 1332 Juliano
843 1279 1089 1321 exstruxerit
1111 1290 1150 1320 et
1169 1277 1416 1320 dicaverit1.

147 1436 189 1471 de
215 1448 252 1471 ce
284 1438 400 1483 prince
427 1448 458 1473 et
489 1451 546 1473 sur
574 1439 622 1474 les
651 1441 802 1474 siennes.
835 1440 862 1474 Il
891 1440 998 1474 fallait
1030 1452 1096 1486 que
1124 1452 1159 1474 sa
1186 1441 1383 1486 reputation
1412 1439 1465 1475 fut
1483 1440 1628 1486 grande,

147 1494 291 1539 puisque
308 1494 357 1528 les
383 1495 574 1540 sculpteurs
593 1496 736 1542 charges
757 1496 897 1530 d'orner
916 1496 947 1530 le
970 1496 1093 1541 portail
1117 1496 1160 1530 de
1180 1496 1410 1542 Saint-Julien
1431 1496 1490 1530 des
1509 1497 1631 1530 Mene'-

147 1549 256 1590 triers,
283 1551 302 1583 a
326 1550 435 1591 Paris,
462 1563 486 1596 y
510 1550 686 1596 placerent
707 1563 742 1585 sa
763 1561 873 1586 statue
897 1561 930 1587 et
951 1552 1036 1586 celle
1056 1552 1099 1585 de
1126 1563 1162 1586 sa
1183 1551 1326 1592 femme,
1350 1552 1423 1597 qui,
1452 1561 1631 1597 apparem-

146 1613 255 1647 ment,
279 1606 435 1640 cultivait
455 1607 545 1641 aussi
563 1607 594 1641 la
618 1608 792 1654 musique.
820 1609 919 1642 Ainsi
939 1608 1010 1642 l'on
1034 1617 1116 1654 peut
1137 1616 1317 1642 remonter
1337 1606 1495 1653 jusqu'au
1516 1615 1630 1651 temps

146 1660 187 1694 de
204 1660 235 1694 la
256 1661 351 1695 reine
370 1661 520 1697 Blanche
539 1674 625 1708 pour
643 1671 785 1697 trouver
802 1663 968 1698 l‘instinct
987 1665 1028 1698 de
1044 1663 1076 1697 la
1094 1664 1211 1710 poesie
1232 1671 1264 1697 et
1283 1662 1313 1696 le
1330 1665 1416 1708 gout
1434 1662 1494 1696 des
1513 1662 1631 1696 lettres

146 1717 257 1761 parmi
276 1716 324 1751 les
345 1718 549 1752 ascendants
569 1718 723 1753 d'Alfred
743 1720 786 1753 de
804 1720 947 1753 Musset.
969 1734 986 1751 »

200 1784 228 1806 1.
257 1773 411 1818 Marquis
435 1774 477 1807 de
500 1774 662 1820 Paulmy,
688 1775 852 1820 Mc'langes
879 1777 955 1809 tire's
980 1776 1076 1809 d'une
1094 1774 1219 1820 grande
1246 1774 1461 1819 bibliothfique.
1489 1772 1631 1818 Aliquid

148 1827 288 1873 insuper
305 1828 347 1861 ad
369 1829 497 1862 Museti
519 1829 666 1874 gloriam
689 1830 838 1864 contulit
855 1830 890 1864 de
913 1830 1062 1876 Patdmy,
1083 1831 1142 1875 qui
1163 1841 1275 1863 unum
1294 1838 1418 1874 poetae
1435 1829 1543 1862 nostri
1561 1839 1632 1861 car-

148 1894 230 1917 men
254 1884 563 1918 reconcinnaverit.
586 1885 727 1930 Insigne
747 1893 780 1919 et
800 1885 1052 1920 subridiculum
1075 1886 1190 1919 octavi
1214 1885 1339 1918 decimi
1362 1883 1479 1918 saeculi
1499 1883 1631 1917 studio-

146 1950 224 1972 rum
251 1940 441 1984 specimen,
469 1940 599 1985 aliquot
627 1941 723 1975 istius
750 1940 948 1976 refectionis
976 1952 1095 1975 versus
1122 1940 1249 1974 referre
1275 1939 1388 1980 liceat,
1418 1950 1506 1985 quos
1535 1940 1632 1972 aviae

147 2004 284 2028 nostrae
307 1995 432 2029 eodem
456 1995 572 2029 favore
596 2007 665 2041 quo
690 1997 833 2031 comitis
858 1997 894 2030 de
917 1997 1053 2031 Tressan
1073 1996 1179 2030 libros
1206 1996 1279 2030 sine
1304 1995 1410 2029 dubio
1431 2003 1632 2040 prosecutae

147 2058 227 2084 sunt
249 2058 281 2084 et
303 2050 510 2085 mollissimo
530 2052 649 2086 animo
669 2053 824 2086 cecinere
844 2065 851 2086 z

242 2140 392 2175 Clmnson
413 2142 449 2176 de
466 2142 563 2177 Colitz
584 2143 721 2185 AIusset,
743 2144 852 2177 remise
872 2155 909 2176 en
919 2143 1067 2189 fransois
1079 2148 1144 2188 par
1163 2143 1216 2176 M.
1239 2142 1275 2175 de
1294 2142 1334 2175 P.

479 2229 495 2246 «
524 2216 594 2249 Des
613 2215 717 2261 qu’en
739 2227 785 2249 un
804 2216 952 2250 chateau
974 2215 1226 2260 d'irnportance

477 2271 646 2316 Apparoit
666 2270 697 2305 le
716 2271 783 2304 bon
806 2270 1005 2312 menestrel,

477 2326 637 2360 Aussitot
654 2326 684 2359 le
703 2329 825 2360 maitre
842 2326 973 2360 d'hotel

477 2381 653 2426 S'apprete
673 2383 691 2414 a
711 2382 858 2415 doubler
878 2381 909 2415 la
930 2381 1149 2422 bombance;

476 2437 524 2470 Le
542 2437 704 2482 seigneur
722 2446 792 2470 met
814 2448 877 2470 son
899 2437 985 2470 beau
1005 2435 1148 2478 mantel,

478 2491 527 2525 La
549 2492 651 2525 dame
672 2503 707 2525 sa
725 2492 813 2526 belle
833 2501 1055 2532 attornance3

479 2547 622 2580 Partout
640 2546 662 2580 il
681 2546 740 2581 fait
763 2559 811 2580 un
828 2547 936 2592 grand
954 2546 1046 2588 effer,

480 2602 524 2638 Le
541 2603 727 2637 mdncstrcl
745 2602 848 2637 Colin
867 2603 993 2639 Musct.
