1810 2903
831 158 1063 215 *35-

202 248 378 294 insitum
415 266 423 294 :
454 266 552 294 nam
586 266 681 295 cum
714 251 764 295 ab
797 265 965 295 amante
994 253 1157 309 patiens
1185 251 1456 311 difficilisque
1482 252 1679 308 initiatio,

200 326 337 369 lentus
364 325 415 369 ad
442 328 639 371 virtutem
666 342 910 384 progressus
939 327 1211 380 desideretur,
1242 344 1341 372 cum
1369 328 1517 372 servile
1545 330 1682 372 Amo-

198 403 254 445 ris
276 403 508 459 praeceptis
529 402 779 461 obsequium
800 404 1004 461 exigatur,
1029 403 1128 460 quid
1152 405 1493 447 consectarium?
1513 405 1682 462 Nempe

197 477 308 535 apud
330 491 491 522 veteres
519 491 664 536 poetas
694 480 830 522 Amor
853 494 941 522 non
969 480 1099 521 animi
1127 478 1260 522 libido
1288 479 1482 534 habetur,
1515 480 1589 523 sed
1614 494 1682 523 ars

196 567 237 597 et
261 555 455 597 doctrina.
478 554 681 612 Leguleia
701 567 843 598 autem
865 570 946 608 ars,
972 555 1214 598 formularia
1234 568 1273 599 et
1294 556 1555 612 scrupulosa,
1575 571 1680 613 quae

197 631 448 674 minutiores
476 631 752 674 caerimonias
793 632 938 674 statuit
967 630 1203 688 pusillaque
1246 643 1379 684 curat,
1416 633 1532 685 ritui,
1569 647 1685 689 prae-

197 707 378 763 scriptis,
403 706 554 750 officiis
577 705 785 750 adstricta.
812 732 866 737 —
885 706 1025 749 Aliam
1046 706 1219 764 quidem
1241 708 1394 750 nostris
1421 707 1683 764 temporibus

194 781 348 839 lyricae
366 798 542 840 poeseos
560 783 792 840 imaginem
807 783 953 825 animo
974 783 1251 839 concepimus
1276 799 1284 826 z
1309 783 1463 826 scilicet
1481 785 1526 826 in
1543 783 1682 827 media

194 857 344 902 mundi
367 858 465 902 sede
486 858 619 902 locata
645 871 723 912 est,
746 870 951 916 tanquam
976 858 1087 902 orbis
1106 858 1344 912 umbilicus,
1370 875 1489 902 mens
1511 872 1677 916 poetae,

198 952 217 975 t<
247 951 368 978 mens
394 935 463 978 illa
489 935 744 993 crystallina,
773 951 793 975 ›>
822 947 868 978 ut
891 936 1099 978 recentior
1126 934 1230 978 dixit
1256 947 1388 988 vates,
1419 950 1526 993 quae
1546 937 1679 979 varias

192 1028 346 1055 vocum
375 1027 599 1069 rerumque
623 1012 844 1067 imagines,
868 1024 913 1055 ut
937 1028 956 1051 «
980 1027 1135 1054 sonora
1155 1010 1260 1054 echo
1286 1028 1306 1050 ))
1331 1011 1516 1068 replicet.
1546 1013 1678 1056 Vetus

193 1101 342 1131 contra
367 1086 497 1130 medii
531 1088 620 1131 aevi
649 1087 819 1144 lyricus,
855 1088 1028 1131 Amoris
1061 1103 1222 1140 servus,
1255 1088 1300 1129 in
1330 1086 1456 1131 verba
1487 1087 1677 1145 magistri

193 1165 329 1220 jurare
350 1162 558 1218 addictus,
581 1179 746 1221 semper
765 1164 830 1207 sui
851 1178 1043 1220 compos,
1068 1179 1154 1206 non
1175 1164 1370 1220 proprios
1394 1163 1523 1206 animi
1546 1165 1677 1220 impe-

193 1252 260 1284 tus
285 1239 411 1283 libere
431 1242 656 1297 expromit,
680 1239 768 1293 sed,
793 1252 839 1283 ut
860 1240 916 1282 ita
937 1239 1095 1292 dicam,
1120 1238 1327 1282 secundas
1351 1239 1452 1296 agit.

904 1403 965 1446 IV

248 1553 465 1604 Attamen,
497 1565 603 1593 num
624 1551 717 1607 quis
746 1548 902 1592 infitias
932 1548 1007 1592 ibit
1036 1548 1236 1606 plurimas
1268 1547 1387 1592 dotes
1423 1548 1674 1607 easdemque

188 1641 303 1686 grata
329 1630 515 1670 novitate
541 1625 748 1683 pollentes
775 1624 824 1668 ab
852 1625 977 1681 hujus
1005 1626 1148 1668 aetatis
1173 1625 1314 1682 lyricis
1341 1626 1385 1668 in
1414 1638 1578 1669 nostras
1602 1626 1673 1668 lit-

191 1718 298 1748 teras
319 1705 506 1761 primum
527 1702 704 1745 adscitas
725 1701 853 1744 fuisse
875 1714 915 1744 et
938 1701 1124 1745 infusas?

246 1780 460 1837 Imprimis
487 1779 603 1821 enim
631 1777 737 1821 habe
765 1790 858 1821 ante
890 1776 1035 1821 oculos
1062 1776 1271 1820 feritatem
1304 1777 1427 1820 istam
1455 1778 1670 1834 epicorum

190 1869 453 1914 poematum,
486 1869 593 1911 quae
626 1853 729 1906 sola,
763 1852 902 1910 quoad
931 1852 1061 1910 lyrica
1095 1854 1234 1910 poesis
1267 1851 1377 1910 apud
1414 1853 1670 1910 Septentrio·

189 1933 304 1976 nales
350 1931 493 1989 repsit,
545 1932 756 1986 majorum
807 1942 1051 1972 nostrorum
1105 1928 1231 1972 rudes
1279 1930 1443 1971 animos
1495 1927 1669 1972 rudibus

187 2007 390 2051 illecebris
435 2005 685 2049 delenivere.
732 2005 909 2061 Respice
946 2003 1114 2047 heroica
1154 2003 1239 2056 illa,
1283 2002 1457 2060 grandia
1496 2002 1668 2060 quidem

187 2085 351 2142 quoties
396 2082 651 2125 bellatricem
690 2080 954 2124 iracundiam
993 2081 1165 2136 spirant,
1209 2078 1400 2136 vulgaria
1441 2091 1581 2122 autem
1621 2080 1664 2122 in

188 2157 451 2202 mollioribus
484 2157 662 2214 pectoris
694 2154 882 2199 sensibus
916 2154 1216 2206 exscribendis,
1251 2166 1293 2197 et
1325 2154 1442 2211 quasi
1474 2154 1662 2211 puerilia.

188 2235 425 2279 Occurrant
459 2232 532 2276 tibi
565 2244 628 2276 tot
656 2231 838 2275 feminae
868 2230 960 2273 rudi
991 2231 1180 2273 tironum
1211 2230 1422 2286 imperitia
1455 2229 1506 2272 ab
1540 2231 1664 2287 epicis

187 2309 374 2368 depictae
398 2326 407 2352 :
431 2324 518 2352 non
558 2307 757 2352 uxoribus
799 2305 971 2364 quidem
1009 2304 1173 2357 alludo,
1212 2320 1289 2348 nec
1324 2304 1547 2358 matribus,
1586 2320 1663 2348 nec

183 2400 412 2443 generosae
456 2384 515 2427 illi
563 2384 732 2427 comitis
777 2381 1010 2426 Guilhelmi
1058 2381 1195 2433 uxori,
1248 2396 1325 2423 nec
1370 2381 1663 2438 magnanimae

183 2460 394 2518 Radulphi
421 2459 735 2504 Cameracensis
756 2458 908 2510 matri,
935 2455 1007 2500 sed
1035 2456 1192 2513 puellas
1210 2471 1421 2509 memoro,
1440 2455 1661 2513 simplicis-

182 2540 289 2581 sima
316 2536 585 2594 belluinaque
611 2534 809 2592 cupidine
835 2532 1030 2585 calentes,
1061 2544 1102 2576 et
1128 2533 1245 2590 quasi
1271 2533 1518 2575 innocenter
1543 2530 1662 2575 luxu-
