1810 2903
771 144 999 200 -73-

202 236 354 294 Regula
370 237 430 280 II.
461 237 622 293 Quoties
646 246 778 280 autem
793 238 957 294 septima
972 252 1105 280 versus
1128 236 1282 294 syllaba
1302 245 1355 279 est
1378 236 1626 293 paenultima

140 314 373 371 paroxytoni
385 312 564 355 vocabuli
584 311 730 370 (bo-ne,
750 312 888 370 toute),
914 313 1059 357 ultima
1079 313 1197 366 hujus
1209 311 1390 356 vocabuli
1409 312 1564 370 syllaba
1584 313 1626 355 in

143 390 350 432 secundum
370 389 655 431 hemistichium
676 390 830 432 incidit.

139 465 335 522 Exempla
365 480 373 510 :
404 464 498 507 Bele
526 463 650 508 dame
667 463 758 508 bele
776 477 818 508 et
837 464 939 508 blon
962 489 1020 496 —
1050 463 1102 508 de
1121 464 1172 507 l’a
1189 463 1310 508 loe...

410 541 476 584 Or
503 557 525 584 a
542 541 623 584 mis
642 557 693 584 en
712 541 820 584 molt
844 553 966 599 grant
985 541 1042 597 joi
1061 566 1119 571 —
1139 556 1160 584 e
1182 555 1286 583 mon
1307 542 1436 597 pense
1457 548 1467 565 ¹

1008 615 1128 674 (Nic.
1152 617 1288 669 Mus.‚
1308 634 1348 659 v.
1371 618 1411 669 6,
1445 615 1538 674 10.)

198 710 387 753 Tertiam
422 709 610 766 regulam
647 710 789 767 posuit
822 711 1010 767 Jeanroy
1046 708 1128 767 (op.
1165 711 1253 762 cit.‚
1296 724 1338 766 p.
1379 708 1505 766 343),
1560 709 1629 752 vel

142 786 296 843 potius,
321 799 365 829 ut
391 787 560 842 opinor,
590 785 727 828 finxit.
757 785 942 829 Temere
964 786 1079 828 enim
1112 786 1274 842 scripsit
1304 802 1312 828 :
1343 802 1364 825 t(
1397 785 1554 829 Accidit
1583 794 1627 829 ut

139 862 293 919 syllaba
310 863 462 914 insozm,
492 876 589 920 quae
606 863 812 918 septimam
836 870 1068 919 acutamque
1086 877 1220 904 versus
1244 860 1438 920 syllabam
1447 863 1628 919 proxime

139 939 330 995 sequitur,
362 940 404 980 in
424 953 585 981 numero
601 937 865 995 syllabarum,
892 947 1017 995 utpote
1035 947 1336 996 supervacanea,
1361 953 1437 981 non
1474 946 1628 995 compu-

142 1022 257 1057 tetur.
296 1030 316 1053 »
346 1039 403 1045 —
430 1015 556 1072 Ergo,
578 1015 611 1056 si
639 1015 675 1057 ei
698 1012 941 1067 credideris,
972 1013 1123 1057 eadem
1143 1013 1309 1057 licentia
1331 1013 1472 1072 lyricis
1492 1015 1627 1071 poetis

143 1104 204 1134 est
227 1106 439 1143 concessa,
466 1106 547 1148 qua
567 1091 671 1147 epici
699 1090 942 1134 utebantur.

203 1167 334 1223 Cujus
349 1168 480 1210 mirae
499 1167 666 1224 regulae
687 1182 775 1210 non
790 1166 882 1224 plus
897 1182 1024 1225 quam
1043 1167 1121 1210 tria
1141 1165 1334 1224 exempla
1355 1166 1623 1220 memoravit,

143 1244 336 1300 quamvis
363 1255 572 1286 trecentos
595 1258 738 1286 versus
759 1242 1054 1300 exploraverit,
1085 1243 1246 1286 scilicet
1272 1257 1281 1287 t

208 1318 251 1376 1)
282 1320 379 1362 Las!
405 1333 481 1376 por
508 1319 574 1361 coi
601 1334 667 1362 me
685 1318 758 1362 fait
776 1319 812 1361 la
833 1317 972 1376 be(le)
994 1343 1049 1349 —-
1067 1318 1124 1361 tel
1147 1317 1228 1361 mal
1246 1318 1458 1362 sentir?...

1255 1393 1367 1452 (sch.
1391 1395 1445 1448 ΙΙ,
1471 1393 1539 1452 6.)

200 1470 248 1528 2)
282 1472 332 1514 Et
351 1471 385 1513 si
404 1486 472 1513 me
493 1469 603 1514 diras
631 1486 653 1513 a
672 1469 807 1528 ce(le)
834 1495 887 1501 —
915 1471 989 1528 qui
1012 1470 1096 1513 m'a
1117 1475 1270 1513 trais...

1156 1545 1225 1603 (B.
1250 1547 1381 1599 Rom„
1405 1547 1438 1598 I,
1464 1544 1539 1603 52)

195 1668 224 1691 1.
255 1654 346 1691 Huic
367 1657 677 1703 hendecasyllabos
697 1657 874 1691 dividendi
891 1657 1031 1699 rationi,
1050 1667 1254 1703 quanquam
1270 1656 1429 1690 miranda
1445 1667 1518 1691 esse
1534 1656 1630 1691 vide-

144 1721 213 1754 tur,
247 1713 375 1747 similes
406 1714 634 1759 respondent,
668 1724 783 1758 neque
809 1713 898 1747 adeo
922 1712 1125 1755 insolentes,
1153 1713 1190 1746 in
1218 1712 1443 1759 decasyllabis
1469 1722 1630 1746 caesurae

143 1769 203 1813 (cf.
221 1768 364 1811 Tobler,
383 1780 457 1803 vom
468 1769 520 1815 fz.
547 1769 701 1811 Versbau,
724 1781 758 1814 p.
781 1769 858 1814 73).

191 1825 289 1865 Quas
306 1824 452 1859 libenter
467 1825 666 1859 adhibuisse
683 1824 820 1858 videtur
840 1833 943 1870 poeta
963 1832 1080 1858 noster
1101 1835 1108 1857 :

332 1879 416 1914 Fors
433 1880 465 1914 la
486 1881 615 1914 blonde
636 1900 679 1905 —-
698 1889 744 1922 te,
767 1892 830 1926 por
847 1880 901 1913 cui
922 1881 953 1925 je
971 1880 1144 1914 morrai...
1169 1879 1247 1924 (VI,
1272 1879 1326 1924 7.)

329 1936 409 1972 Bele
427 1945 461 1971 et
479 1936 608 1970 blonde
624 1956 670 1961 —
687 1944 732 1977 te,
755 1937 787 1982 je
804 1946 867 1970 vos
887 1936 1060 1970 amerai...
1082 1935 1159 1980 (VI,
1184 1935 1258 1980 17.)

333 1995 384 2028 En
402 2000 492 2027 ceste
511 1992 556 2026 bo
575 2012 619 2016 —
638 2003 683 2025 ne
703 1993 829 2037 pensee
848 1992 978 2026 serai...
999 1991 1079 2036 (VI,
1104 1991 1181 2035 21.)

330 2050 418 2084 Mais
438 2057 516 2093 trop
534 2058 591 2081 me
611 2047 657 2081 tie
675 2068 719 2072 —
737 2054 823 2081 nent
842 2058 887 2081 en
905 2047 1061 2081 mauvais
1081 2046 1171 2080 delai
1193 2073 1216 2080 ..
1241 2045 1320 2090 (VI,
1341 2045 1418 2090 23.)

330 2105 402 2145 Qui
423 2103 499 2150 plus
517 2103 638 2136 s¹abais
654 2123 701 2127 —
717 2114 752 2136 se
772 2102 849 2148 plus
865 2111 915 2136 est
936 2102 1103 2136 haities...
1124 2101 1237 2146 (VIII,
1265 2100 1338 2145 12.)

143 2162 276 2198 Confer
298 2174 304 2195 ε
334 2162 376 2195 Et
393 2167 501 2205 quant
517 2158 540 2191 il
560 2159 595 2203 ju
612 2178 658 2182 -—
675 2169 706 2200 e,
728 2158 757 2192 si
776 2166 850 2203 pert
867 2158 894 2192 si
914 2168 979 2191 son
999 2168 1106 2192 sen...

329 2217 410 2250 Valt
431 2215 531 2249 mielz
550 2225 617 2260 que
637 2222 674 2248 to
693 2234 737 2239 —
763 2222 814 2248 tes
835 2213 885 2248 les
902 2214 1012 2248 bones
1030 2214 1088 2259 qui
1108 2220 1232 2247 sont...

331 2271 487 2312 Qu'avec
504 2281 560 2304 ma
580 2270 628 2315 joi
642 2289 688 2294 -
708 2281 726 2303 e
746 2269 878 2303 taillent
897 2280 971 2303 mes
989 2269 1207 2303 chansons...

709 2325 825 2368 (Brak.
850 2324 987 2367 Chans.,
1007 2336 1042 2370 p.
1062 2334 1119 2370 90,
1140 2335 1177 2358 v.
1206 2333 1246 2367 23
1262 2335 1269 2365 3
1287 2334 1321 2368 p.
1345 2332 1423 2368 119,
1444 2334 1478 2357 v.
1501 2321 1553 2366 8).

190 2385 245 2419 Sic
267 2385 302 2418 in
320 2382 429 2417 altero
449 2379 753 2427 decasyllaborum
773 2391 902 2427 genere
916 2379 975 2413 illo
995 2379 1090 2425 quod
1107 2389 1286 2413 caesuram
1306 2385 1386 2424 post
1406 2385 1538 2411 sextam
1558 2376 1626 2423 syl-

142 2441 256 2475 labam
275 2439 380 2473 habet
401 2436 499 2482 (6l4)
517 2447 524 2469 :

331 2494 365 2527 Si
383 2492 451 2527 n’ai
473 2491 585 2537 appris
608 2503 683 2526 mes
703 2502 739 2525 ar
760 2511 802 2516 —-
823 2501 898 2524 mes
917 2501 936 2524 a
954 2499 1116 2536 poster...

330 2549 412 2583 Puis
430 2549 562 2583 desloia
578 2548 627 2582 les
645 2547 718 2582 moi
737 2567 783 2571 —
803 2557 865 2580 nes
883 2557 943 2592 par
964 2546 1113 2580 bonte...

967 2600 1077 2645 (Aiol,
1100 2600 1155 2635 ed.
1175 2598 1363 2646 Raynaud,
1382 2609 1418 2644 p.
1438 2597 1556 2642 XVI.)

188 2670 242 2705 De
258 2669 312 2703 his
330 2668 496 2702 «amnibus
515 2667 693 2702 luculente
705 2666 858 2712 Jeanroy
877 2664 1051 2699 disseruit.
1261 2662 1377 2709 (Orig.
1399 2673 1433 2708 p.
1457 2661 1558 2709 350.)
