1810 2903
132 270 188 312 ita
212 281 260 312 ut
277 269 500 312 temeraria
524 267 827 311 emendatione
849 267 1053 324 syllabam
1075 281 1205 310 unam
1227 264 1492 323 longioribus
1524 279 1616 308 ver-

133 345 249 389 sibus
263 344 502 398 subtrahas,
531 344 598 387 vel
616 343 880 387 brevioribus
915 342 1106 387 versibus
1140 341 1296 385 addas?
1322 343 1416 385 Imo
1454 354 1615 394 contra,

134 434 181 466 ut
218 423 387 479 opinor,
420 420 616 464 codicum
649 420 855 463 lectiones
883 418 1141 463 retinendae.

192 499 287 540 Hoc
308 498 426 540 enim
446 495 616 540 attende
641 514 649 539 :
673 496 890 553 longiores
912 511 1058 540 versus
1079 494 1174 553 (12,
1200 493 1278 551 69)
1300 493 1470 537 avocali
1492 492 1619 536 ambo

134 572 356 631 (Avenant,
385 574 453 616 En
477 571 707 629 chantant),
741 571 953 615 breviores
988 584 1134 614 autem
1156 569 1218 627 (v.
1248 568 1402 626 31-50)
1428 583 1451 611 a
1471 583 1621 612 conso-

134 650 248 692 nanti
275 647 401 691 ambo
420 648 633 705 incipiunt
650 646 754 705 (Por
774 648 814 690 la
833 647 1049 700 damoisele,
1078 646 1166 702 Que
1176 648 1217 704 je
1232 661 1278 689 ne
1301 644 1455 701 soloie.)

194 724 314 776 Quid
341 737 434 768 tum
462 723 588 767 inde?
617 723 799 773 Scilicet,
831 725 909 766 nisi
939 722 1077 775 fallor,
1105 738 1251 766 versus
1292 736 1358 775 11,
1392 723 1445 765 68
1476 720 1623 764 audaci

136 814 177 844 et
218 801 428 844 rarissima
467 800 643 844 elisione
680 800 1013 858 subsequentem
1048 814 1239 852 versum,
1288 811 1335 842 ut
1368 799 1425 841 ita
1465 796 1618 849 dicam,

135 876 481 935 superscandunt
510 893 519 919 ε

402 965 497 1008 Une
521 951 897 1008 danceIE-*avenant
913 975 955 1007 et
974 963 1082 1006 molt
1106 963 1252 1006 bele...

403 1044 541 1087 Encor
561 1029 821 1101 dognoiefen
843 1042 1046 1086 chantant
1068 1043 1210 1085 meine
1231 1042 1371 1099 joie...

196 1137 382 1195 Quippe,
439 1153 538 1181 curn
588 1152 759 1180 carmen
810 1135 965 1180 fidibus
1015 1148 1250 1189 caneretur,
1311 1134 1424 1178 idem
1469 1133 1620 1176 fidium

138 1213 384 1271 phthongus
415 1229 529 1257 nunc
557 1213 722 1257 ultimis
748 1212 916 1271 syllabis
941 1212 1251 1256 vocabulorum
1277 1220 1472 1264 saule-LE,
1496 1211 1618 1268 joi-E,

137 1305 250 1333 nunc
271 1302 415 1333 autem
443 1291 589 1346 primis
611 1288 780 1348 syllabis
802 1288 1108 1333 vocabulorum
1128 1296 1317 1340 Avenant,
1347 1301 1401 1331 EN
1432 1286 1622 1330 chantant

138 1365 436 1423 respondebat.

194 1441 390 1485 Alterum
420 1441 565 1486 retulit
580 1441 820 1486 Bartschius
848 1440 1110 1499 exemplum1
1142 1457 1150 1483 :
1179 1442 1372 1484 eoenim
1400 1439 1496 1483 loco
1528 1437 1618 1491 ubi,

138 1531 374 1561 metrorum
418 1517 544 1562 indici
592 1517 793 1571 confisus,
839 1531 1019 1576 quatuor
1058 1515 1237 1575 syllabas
1276 1515 1622 1569 desideravisses‚

137 1595 329 1652 quinque
350 1593 556 1648 offendes,
585 1595 685 1653 quia
705 1610 852 1639 versus
879 1596 1070 1652 proxime
1096 1609 1278 1651 sequens
1300 1609 1322 1637 a
1349 1591 1484 1637 vocali
1517 1592 1625 1635 inci-

139 1671 200 1729 pit
225 1687 234 1714 :

610 1748 718 1791 Vers
737 1745 919 1790 l’ombre
940 1745 991 1789 de
1011 1745 1139 1789 l’ente

612 1823 686 1867 Ou
713 1822 776 1866 ele
796 1823 920 1866 estoit

345 1901 616 1947 Chevauchai
643 1917 728 1946 une
748 1887 911 1945 semel-{1
931 1899 1042 1944 mult
1059 1913 1180 1958 grant
1201 1898 1365 1957 esploit.

196 1995 243 2039 Id
258 2008 336 2049 est,
361 1995 510 2040 ultima
524 1994 676 2052 prioris
696 2010 842 2038 versus
860 1993 1017 2052 syllaba
1037 1992 1209 2038 eliditur
1228 1992 1364 2036 vocali
1380 2008 1403 2036 a
1423 2008 1506 2050 qua
1526 1991 1622 2036 sub-

141 2088 324 2130 sequens
358 2073 506 2130 incipit
525 2086 688 2115 versus.

200 2147 327 2192 Haud
349 2147 466 2191 aliter
488 2147 594 2192 alius
621 2146 811 2205 ejusdem
838 2146 1004 2192 Nicolai
1023 2146 1223 2190 carminis
1248 2145 1369 2190 locus
1398 2144 1628 2188 enuclean-

141 2223 234 2267 dus.
264 2225 379 2269 Nam
405 2236 574 2268 sextum
600 2222 816 2267 decimum
846 2224 1180 2280 uniuscujusque
1222 2221 1420 2279 strophae
1453 2236 1624 2264 versum

143 2299 207 2358 (v.
245 2302 311 2354 16,
339 2314 411 2357 35,
452 2312 520 2356 54,
545 2298 624 2357 73)
652 2299 933 2343 consideranti
962 2313 1017 2352 et,
1048 2297 1099 2341 ad
1127 2298 1258 2341 fidem
1291 2297 1438 2340 indicis
1465 2310 1630 2339 metro-

141 2391 254 2428 rum,
288 2391 459 2419 versum
492 2376 632 2433 quinis
658 2375 829 2433 syllabis
862 2387 1134 2419 constantem
1167 2373 1438 2425 desideranti,
1477 2384 1626 2415 contra

142 2466 262 2509 spem
289 2449 562 2494 adversantur
582 2451 627 2494 in
647 2463 764 2494 sexto
791 2450 958 2494 decimo
984 2450 1161 2494 ultimae
1188 2448 1386 2507 strophae
1417 2463 1539 2491 versu
1561 2445 1623 2504 (v.

144 2525 222 2584 73)
249 2541 320 2570 sex
339 2525 523 2584 syllabae
551 2543 559 2569 :

196 2648 225 2673 1.
247 2637 286 2672 B.
307 2637 397 2673 Rom.
418 2637 447 2683 1,
468 2647 527 2685 49,
550 2648 604 2684 19.
