1810 2903
484 344 741 396 CAPUT
798 344 1179 405 QUINTUM

211 535 264 563 DE
297 535 474 563 CONONE
508 535 793 564 BETHUNIENSI
825 536 916 564 CUM
950 535 1140 564 NlCOLAO
1173 534 1437 564 COMPARATO

141 724 242 766 Non
271 722 361 778 plus
384 721 530 764 decem
558 723 774 765 cantiones
805 721 928 778 hujus
956 734 1103 779 poetae
1131 734 1308 774 exstant,
1339 723 1382 764 in
1406 736 1574 764 summa

84 815 228 843 versus
265 797 585 856 quadringenti¹
631 814 640 841 ε
681 799 800 855 pauci
836 797 1023 856 quidem,
1065 799 1098 841 si
1134 797 1185 841 de
1220 799 1393 855 ingenio
1427 811 1574 854 poetae

87 876 326 919 existimare
354 875 473 918 velis.
505 875 654 932 Atqui,
685 875 719 917 si
744 875 885 928 Cono,
915 890 1013 918 cum
1039 874 1223 920 Nicolao
1250 874 1441 928 collatus,
1474 876 1575 918 ima-

84 953 228 1009 ginem
253 965 402 1010 poetae
430 964 577 995 nostro
605 952 800 1009 proxime
829 951 1014 994 similem
1046 951 1185 1004 refert,
1217 953 1250 995 si
1280 951 1470 995 versibus
1497 951 1576 995 illis

85 1029 347 1086 paucissimis
379 1027 487 1071 nihil
523 1027 692 1072 videtur
724 1029 862 1071 inesse
896 1027 1010 1086 quod
1047 1029 1270 1086 ingenium
1303 1028 1354 1072 ad
1392 1029 1576 1072 carmina

85 1104 307 1149 condenda
335 1103 571 1162 praeditum
598 1104 823 1162 significet,
851 1106 884 1148 si
909 1103 1144 1162 fragmenta
1180 1105 1372 1149 Cononis
1399 1121 1575 1163 poema—

85 1194 196 1235 tum,
224 1194 370 1225 trunca
397 1181 507 1235 licet,
543 1197 680 1239 neque
708 1181 893 1225 novitate
920 1179 1103 1239 quadam
1130 1198 1267 1240 neque
1294 1181 1577 1239 peculiaribus

86 1258 310 1302 virtutibus
339 1273 526 1316 unquam
561 1274 639 1301 nos
674 1257 725 1301 ad
754 1257 1080 1302 admirationem
1106 1257 1384 1316 compellunt,
1417 1257 1577 1302 fatebor

86 1336 174 1393 ipse
204 1349 244 1379 et
271 1334 501 1379 concedam
530 1351 538 1377 ε
569 1349 720 1378 omnes
746 1350 917 1392 prorsus
945 1334 1077 1378 medii
1104 1336 1195 1379 aevi
1222 1335 1358 1392 lyrici,
1388 1351 1461 1393 per
1486 1351 1579 1379 sae-

88 1411 233 1455 culum
267 1427 400 1456 unum
427 1424 466 1455 et
495 1409 742 1465 dimidium,
778 1426 922 1463 unam,
957 1424 1002 1455 ut
1035 1413 1091 1455 ita
1117 1411 1269 1465 dicam,
1306 1425 1346 1455 et
1380 1411 1577 1455 eamdem

86 1490 328 1531 cantionem
356 1486 547 1530 versibus
577 1502 742 1545 semper
768 1488 1087 1545 rescripserunt.

150 1563 386 1622 Siquidem,
411 1576 456 1608 ut
482 1579 532 1607 ex
555 1563 751 1607 historiae
779 1565 1067 1608 monumentis
1088 1565 1245 1622 percipi
1268 1577 1423 1622 potest,
1455 1566 1578 1609 Cono

88 1640 157 1683 ille
179 1641 490 1694 Bethuniensis,
515 1642 623 1684 inter
642 1641 760 1699 Sully
782 1642 921 1684 nostri
943 1654 1195 1699 propatruos
1215 1641 1576 1696 annumeranduS,

87 1732 174 1760 non
209 1717 289 1761 fuit
324 1717 455 1760 homo
482 1718 569 1760 sine
603 1733 770 1774 sapore,
801 1730 996 1775 comptus
1029 1730 1069 1761 et
1101 1717 1356 1775 pulchellus,
1393 1720 1579 1762 versicu-

88 1793 228 1837 lorum
257 1806 351 1838 ante
376 1795 523 1837 omnia
549 1793 775 1838 studiosus.
806 1795 900 1838 Fuit
926 1806 1074 1838 contra
1098 1795 1161 1838 vir
1184 1795 1451 1848 fortissimus,
1482 1810 1579 1838 vere

91 1869 245 1928 dignus
266 1872 338 1928 qui
358 1869 512 1914 eodem
535 1870 661 1925 bello,
683 1885 767 1928 quo
790 1869 1027 1915 Gaufredus
1047 1870 1096 1914 de
1118 1870 1444 1925 Villaharduini‚
1470 1870 1580 1914 mili-

91 1947 255 1990 taverit.
293 1947 453 1991 Eorum
490 1947 676 1991 militum
704 1949 775 2005 qui
809 1947 1029 1993 Orientale
1064 1948 1295 2005 imperium
1322 1949 1367 1991 in
1393 1960 1582 2005 potesta-

93 2035 180 2066 tem
207 2039 326 2067 suam
352 2024 527 2067 viriliter
553 2023 806 2081 redegerunt
832 2026 949 2082 quasi
976 2024 1190 2082 exemplar
1216 2026 1386 2069 exstitit.
1410 2026 1580 2080 Juvenis

94 2099 247 2151 adhuc,
273 2117 371 2144 curn
400 2100 593 2159 aequales
615 2100 664 2144 ad
692 2101 849 2145 bellum
876 2100 1073 2145 Saladino
1098 2100 1436 2146 denuntiandum
1465 2118 1582 2145 mor—

92 2176 261 2220 dacibus
288 2191 328 2220 et
352 2177 549 2221 aculeatis
573 2177 829 2222 carminibus
856 2179 1077 2231 movisset,
1108 2194 1220 2221 anno
1247 2180 1582 2223 MCLXXXVII

93 2252 276 2311 Philippi
299 2255 480 2311 Augusti
504 2254 741 2298 commilito
765 2254 860 2307 fuit,
894 2269 931 2298 et
959 2255 1147 2299 confecta
1176 2255 1290 2298 brevi
1316 2255 1581 2313 infaustaque

97 2329 262 2382 militia,
299 2346 395 2373 cum
428 2347 523 2386 rege
560 2332 602 2374 in
634 2332 810 2388 patriam
843 2333 982 2376 victus
1015 2330 1152 2375 rediit.
1187 2331 1268 2376 Sed
1298 2331 1368 2375 ubi
1396 2333 1582 2389 primum

146 2451 177 2475 1,
208 2441 353 2486 Optima
375 2453 457 2476 usus
485 2455 564 2476 sum
591 2443 745 2477 editione
766 2455 784 2477 a
811 2444 929 2488 juveni
957 2443 1156 2488 eodemque
1180 2444 1309 2477 eximio
1335 2443 1471 2477 erudito
1494 2443 1581 2478 Axel

93 2495 332 2530 Wallenskold
356 2509 464 2543 nuper
481 2507 660 2543 procurata
680 2499 865 2543 (Clmnsons
878 2499 915 2532 de
935 2499 1047 2533 Conon
1067 2499 1103 2532 de
1118 2499 1271 2541 Be'thzme,
1293 2499 1411 2532 edition
1431 2500 1578 2546 critique,

95 2552 328 2598 Hclsingsoxs,
357 2553 474 2599 1891).
