1810 2903
196 280 329 324 Primi
356 281 470 323 enim
502 291 709 324 nostrates
741 279 863 337 lyrici
896 295 975 322 nos
1004 290 1140 321 artem
1172 277 1499 334 compositionis
1527 273 1626 319 edo-

136 372 276 400 cuere.
307 357 403 400 Sive
430 358 546 413 epica
575 368 787 414 poemata,
818 355 905 399 sive
936 354 1027 397 illas
1059 353 1111 397 de
1137 352 1341 397 Arthurio
1365 367 1461 410 rege
1489 367 1628 395 narra-

137 433 275 476 tiones
298 434 546 490 respexeris,
570 432 665 476 fluit
683 430 944 476 errabundus
967 443 1007 474 et
1033 429 1260 488 aequabilis
1288 441 1443 472 tractus
1469 430 1626 472 oratio-

138 509 212 551 nis
239 525 247 551 :
278 509 452 566 quippe,
477 509 726 561 sententiae,
759 506 866 550 nulli
887 519 1001 550 certo
1022 521 1222 550 versuum
1250 520 1430 548 numero
1457 503 1628 547 adstric-

136 596 217 637 tae,
248 586 364 642 quasi
391 584 564 638 dilutae,
587 584 716 628 libere
739 595 944 640 vagantur
970 594 1012 626 et
1031 581 1202 640 longius
1230 579 1623 624 circumducuntur.

133 659 260 717 Apud
288 659 440 716 lyricos
475 673 636 714 autem,
671 659 756 702 fixo
791 661 1025 717 exiguoque
1058 657 1328 715 stropharum
1365 672 1544 700 numero
1580 657 1625 700 in

131 748 293 780 arctum
323 749 507 789 coactae,
540 737 694 780 strictis
728 736 927 778 metricae
964 735 1063 778 artis
1100 734 1302 791 angustiis
1335 747 1619 790 compressae,

131 813 248 870 quasi
267 811 512 866 densantur,
540 825 634 870 apte
658 811 924 864 ordinantur,
950 812 1008 854 ita
1028 822 1075 855 ut
1100 811 1239 854 variae
1260 810 1458 852 carminis
1485 821 1620 866 partes

132 889 176 931 in
198 903 333 932 unum
360 901 525 932 coeant.

190 964 311 1014 Quin
339 965 482 1019 etiam,
514 965 639 1022 primi
678 965 787 1008 inter
827 979 978 1007 omnes
1007 962 1125 1020 lyrici
1157 963 1289 1006 nostri
1318 963 1360 1006 in
1391 960 1622 1020 eloquendi

132 1053 220 1084 arte
244 1042 395 1085 versati
423 1053 538 1094 sunt,
575 1039 810 1084 admodum
839 1055 933 1083 raro
964 1055 986 1082 a
1018 1039 1168 1083 ceteris
1200 1037 1329 1082 medii
1361 1039 1452 1082 aevi
1484 1038 1622 1096 poetis

131 1129 320 1160 tractata.
352 1118 483 1160 Primi
508 1132 652 1160 versus
682 1131 963 1174 composuere
989 1131 1173 1173 quorum
1199 1116 1373 1158 metrica
1400 1115 1506 1158 ratio
1535 1130 1621 1158 non

132 1208 301 1236 merum
323 1193 556 1236 memoriae
578 1191 885 1236 adminiculum
900 1207 989 1235 esse
1007 1190 1215 1244 videatur,
1231 1190 1303 1234 sed
1316 1206 1390 1248 per
1406 1207 1450 1234 se
1463 1190 1615 1234 valeat.

131 1269 315 1321 Scilicet,
330 1268 522 1326 rhythmi
544 1281 585 1312 et
606 1267 835 1312 modorum
855 1267 1099 1312 difficultate
1118 1268 1307 1320 coerciti,
1332 1268 1460 1325 primi
1477 1283 1619 1310 sense-

131 1357 230 1389 runt
256 1344 379 1389 multi
405 1345 560 1388 laboris
586 1360 677 1388 esse
701 1345 879 1402 stylum,
900 1345 1027 1402 primi
1048 1343 1188 1387 dicere
1209 1359 1348 1401 presse
1368 1356 1409 1387 et
1429 1342 1620 1387 adstricte

131 1433 415 1474 tentaverunt,
444 1420 580 1465 verbis
610 1421 825 1464 delectum
852 1419 1133 1464 adhibuerunt
1160 1433 1200 1464 et
1228 1419 1620 1464 animadverterunt

131 1496 344 1541 vocabulis
375 1497 528 1540 faciem
562 1513 651 1540 non
681 1496 879 1541 omnibus
909 1512 1039 1540 unam
1073 1511 1180 1550 esse,
1218 1509 1365 1554 utpote
1395 1512 1500 1554 quae
1533 1511 1621 1540 non

129 1575 284 1630 pariter
311 1573 486 1631 pulchra
514 1575 613 1626 sint,
644 1589 721 1617 nec
748 1575 901 1631 pariter
924 1573 1158 1632 splendida,
1195 1574 1398 1631 ingentia,
1436 1588 1612 1617 sonora.

186 1649 290 1692 Inde
309 1649 423 1706 apud
449 1649 601 1707 lyricos
628 1649 836 1693 industria
862 1649 932 1693 illa
956 1649 1203 1704 verborum,
1232 1649 1332 1693 inde
1358 1648 1556 1694 sedulitas
1576 1651 1618 1693 in

130 1739 241 1769 recte
269 1725 490 1769 scribendo
512 1740 778 1784 consumpta,
806 1727 911 1770 mira
939 1726 1111 1785 quidem
1137 1728 1172 1770 si
1199 1728 1421 1784 epicorum
1447 1742 1620 1784 poema-

129 1813 222 1845 tum
260 1814 470 1856 auctoreS,
512 1801 675 1846 ferreos
713 1802 808 1846 illos
847 1816 1009 1860 poetas,
1050 1804 1296 1861 respexeris.
1336 1804 1429 1858 Jam
1471 1801 1621 1846 callent

129 1878 246 1935 lyrici
278 1877 476 1935 operibus
507 1878 670 1922 colores
701 1878 871 1932 ducere,
907 1880 994 1923 sive
1030 1878 1156 1922 bellas
1188 1878 1489 1922 similitudines
1519 1894 1619 1922 con-

130 1953 252 2008 dunt,
279 1955 365 1997 sive
387 1955 534 2011 primis
561 1954 683 1998 lineis
707 1954 908 1998 dominae
934 1954 1120 2013 effigiem
1148 1954 1385 2012 designant,
1419 1972 1440 1996 «
1465 1955 1622 2000 flaven-

131 2042 216 2073 tem
242 2045 488 2083 comam,...
524 2043 564 2074 et
592 2030 708 2073 labra
741 2031 906 2075 aemula
939 2032 1101 2074 rosis...
1132 2044 1173 2074 et
1202 2047 1407 2088 genarum
1438 2031 1622 2076 candore

132 2107 315 2149 mixtum
343 2105 600 2150 ruborem...
629 2119 671 2150 et
695 2106 878 2151 frontem
907 2107 1038 2165 glacie
1067 2106 1369 2151 nitidiorem...
1401 2121 1441 2152 et
1467 2107 1623 2152 ocello-

135 2196 230 2224 rum
251 2184 402 2225 aciem.
429 2198 449 2222 »

193 2258 311 2301 Num
347 2259 684 2315 praetermittere
719 2258 818 2302 licet
853 2275 922 2302 eas
957 2258 1140 2303 vernalis
1172 2260 1377 2317 temporis
1415 2260 1617 2317 picturas,

136 2333 304 2391 quibus,
335 2337 498 2392 saepius
521 2335 712 2393 quidem,
742 2352 830 2380 non
859 2350 1002 2380 tamen
1023 2336 1129 2380 adeo
1156 2336 1321 2390 odiose,
1353 2349 1416 2380 tot
1441 2338 1627 2380 carmina

137 2411 378 2467 incipiunt?
423 2410 607 2454 Solerter
650 2413 692 2454 in
735 2414 1029 2456 recentissimo
1074 2420 1231 2470 opere¹
1282 2414 1514 2470 suspicatus
1566 2426 1629 2456 est

138 2487 203 2529 vir
237 2487 624 2543 praestantissimus
663 2489 717 2531 G.
762 2489 874 2531 Paris
911 2488 1086 2546 lyricam
1128 2489 1256 2532 medii
1289 2489 1379 2532 aevi
1411 2489 1575 2545 poesim
1608 2504 1629 2531 e

194 2624 223 2647 1.
252 2613 312 2647 Les
330 2615 467 2659 origines
480 2614 562 2648 dela
575 2615 676 2660 podsie
692 2615 812 2661 lyrique
830 2627 874 2650 au
893 2627 1000 2662 moyen
1020 2617 1089 2661 sige,
1107 2616 1246 2661 Journal
1260 2616 1312 2650 des
1328 2615 1481 2659 savants,
1517 2616 1617 2662 1892.
