1810 2903
141 243 184 284 in
226 241 406 285 litteram
447 256 472 295 z
501 240 601 282 exit.
635 237 736 281 Inde
772 239 1017 294 conjectura
1047 236 1241 294 augurari
1273 235 1370 279 licet
1400 248 1624 292 utramque

142 333 291 361 vocem
319 315 430 373 apud
452 317 671 358 Musetum
694 315 848 372 pariter
869 315 1077 366 sonuisse,
1096 327 1342 370 quanquam
1367 312 1411 354 in
1437 312 1624 354 carmine

141 395 181 437 V
201 394 379 436 nomina
398 394 442 435 in
465 407 483 434 s
503 390 754 443 desinentia,
794 389 971 433 exclusis
999 389 1163 441 ceteris,
1193 388 1488 431 consociantur
1523 384 1626 444 (che-

144 471 208 522 tis,
232 471 308 522 vis,
336 469 534 525 entrepris,
553 465 761 524 paradis).

203 544 306 602 VI.)
324 546 372 588 In
392 543 638 587 nominibus
655 557 729 600 per
743 542 883 584 -ellum
898 554 938 584 et
957 557 976 584 s
993 540 1264 593 exeuntibus,
1289 539 1425 583 littera
1449 539 1464 581 l
1483 538 1629 581 nonin

146 621 337 666 vocalem
360 635 562 664 conversa
589 631 665 670 est,
690 631 735 661 ut
761 630 933 675 apparet
952 632 1003 660 ex
1027 615 1165 660 verbis
1189 615 1370 669 broutels,
1398 614 1525 667 oisels,
1554 613 1626 666 bel,

148 713 255 756 quae
280 699 322 740 in
342 711 544 740 versuum
565 693 760 738 clausulis
781 709 878 737 cum
901 692 1038 737 verbis
1067 705 1114 736 ut
1133 692 1221 735 estel
1243 704 1410 735 coeunt.

209 773 330 831 VII.)
364 772 632 830 Syllabarum
660 785 889 813 numerum
923 771 1254 826 uniuscujusque
1280 782 1424 810 versus
1452 781 1633 824 compu—

149 852 251 894 tanti
270 862 431 893 constat
453 846 644 890 vocalem
669 861 686 888 e
707 846 970 903 pertinaciter
991 845 1233 903 perstitisse,
1254 845 1298 886 in
1322 841 1459 886 verbis
1477 842 1632 886 scilicet

151 940 195 971 ut
217 926 393 977 triche'or,
419 929 598 975 Μακέων,
622 935 741 965 etc...

209 1000 351 1058 VIII.)
379 999 501 1043 Adde
535 998 649 1057 quod
685 997 854 1056 regulae
886 1012 993 1054 quae
1021 995 1072 1039 ad
1102 997 1331 1040 nominum
1350 994 1633 1039 verborumve

153 1078 478 1122 declinationem
509 1075 718 1132 pertinent
736 1073 996 1118 strictissime
1023 1072 1176 1129 ubique
1194 1084 1381 1115 servatae
1399 1083 1517 1123 sunt,
1548 1087 1634 1115 uno

154 1166 328 1212 excepto
352 1167 471 1196 versu
494 1150 619 1208 (XII)
646 1167 653 1193 :

510 1245 561 1288 Et
582 1260 633 1302 ge
655 1244 727 1301 qui
748 1244 811 1286 sui
838 1241 933 1285 bien
960 1243 1073 1299 pare,

157 1342 226 1385 ubi
245 1354 386 1384 tamen
404 1339 587 1382 formam
607 1341 723 1395 pare's
743 1336 882 1393 legere
906 1348 1041 1393 potes,
1067 1350 1164 1378 cum
1191 1335 1355 1391 saepius
1382 1335 1426 1377 in
1448 1333 1528 1377 hoc
1549 1349 1636 1377 car·

157 1419 272 1461 mine
296 1429 420 1475 poeta
443 1415 614 1459 ultimas
630 1413 808 1470 syllabas
833 1414 944 1456 inter
965 1427 1008 1455 se
1032 1427 1120 1454 non
1139 1410 1260 1468 plane
1281 1425 1489 1454 consonas
1507 1409 1639 1454 admi-

157 1495 271 1538 serit.

219 1570 417 1620 Quorsus
445 1568 546 1610 haec
574 1566 814 1624 pertinent?
833 1566 1002 1622 Nempe
1024 1565 1074 1607 iis
1107 1575 1272 1606 emanat
1303 1560 1484 1616 indiciis,
1508 1577 1640 1620 quan-

160 1660 285 1703 quam
314 1640 427 1686 haud
449 1640 553 1684 adeo
576 1641 715 1694 certis,
737 1638 847 1682 nihil
874 1638 1038 1682 obstare
1073 1639 1177 1695 quin
1209 1636 1438 1681 duodecim
1469 1636 1520 1679 de
1551 1637 1643 1695 qui-

161 1721 237 1764 bus
259 1720 396 1777 agitur
417 1718 604 1761 carmina
625 1718 699 1760 uni
721 1729 761 1758 et
783 1714 919 1759 eidem
942 1728 1090 1772 poetae
1115 1712 1419 1769 adjudicemus.
1450 1714 1559 1766 Imo,
1594 1714 1643 1755 iis

162 1792 599 1839 animadversionibus
644 1809 691 1835 ea
729 1790 1032 1835 confirmantur
1075 1805 1183 1848 quae
1229 1788 1281 1832 de
1324 1789 1481 1832 Museti
1516 1788 1644 1832 natali

161 1874 323 1930 origine
357 1884 398 1914 et
419 1883 611 1927 tempore
642 1883 767 1926 supra
800 1882 949 1911 sumus
984 1867 1191 1923 augurati.
1240 1864 1405 1908 Scilicet
1445 1864 1644 1908 dialectos

162 1949 377 2004 illaquam
409 1946 453 1989 in
486 1946 534 1988 iis
571 1945 777 2002 poematis
815 1940 1193 2000 deprehendimus,
1226 1957 1315 1985 non
1350 1941 1645 1998 privatissimis

165 2025 291 2082 signis
319 2021 585 2080 peculiariter
619 2020 830 2072 distincta,
869 2018 1080 2061 sermonis
1111 2017 1430 2074 Campaniensis
1461 2018 1646 2074 speciem

165 2100 379 2157 exprimit,
403 2111 444 2141 et
466 2112 563 2141 cum
581 2111 780 2139 sermone
800 2094 1031 2138 Christiani
1051 2093 1333 2136 Tricassensis
1355 2094 1452 2136 satis
1471 2108 1648 2136 consen·

169 2178 232 2220 tit.
263 2177 375 2219 Cum
403 2186 546 2217 autem
572 2172 687 2230 leges
714 2186 822 2229 quae
843 2169 894 2213 ad
924 2169 1254 2213 declinationem
1281 2181 1470 2226 spectant
1502 2169 1646 2211 incor—

167 2265 311 2309 ruptae
338 2262 379 2293 et
400 2251 588 2307 integrae
610 2248 883 2306 perstiterint,
916 2245 962 2288 fit
997 2244 1226 2288 verisimile
1256 2260 1302 2288 ea
1327 2257 1524 2302 poemata
1544 2245 1648 2288 inci-

167 2329 303 2386 piente
325 2326 448 2370 tertio
470 2325 636 2368 decimo
662 2322 829 2367 saeculo
852 2322 1006 2379 scripta
1025 2321 1168 2364 fuisse.

226 2405 318 2446 Hoc
340 2403 467 2458 igitur
490 2400 688 2452 stabilito,
712 2414 838 2456 quam
859 2397 978 2441 decet
994 2398 1037 2439 in
1060 2395 1234 2440 edendis
1256 2395 1370 2438 hisce
1391 2395 1648 2439 carminibus

168 2481 377 2523 rationem
402 2477 674 2535 potissimum
707 2475 845 2532 sequi,
885 2472 1001 2531 quod
1038 2471 1088 2515 ad
1124 2471 1392 2529 singulorum
1423 2470 1651 2514 vocabulo-

170 2571 266 2599 rum
293 2553 471 2597 formam
492 2553 825 2608 scripturamque
846 2549 1053 2606 pertinet?
