1810 2903
786 162 845 168 ..
877 136 930 194 57
962 161 1021 169 -..

217 231 331 276 Nam
359 232 402 274 in
429 231 615 274 carmine
640 230 698 284 X,
728 230 844 289 quod
872 231 1075 275 Nicolaus
1106 230 1312 274 nimirum
1340 230 1520 287 scripsit,
1557 246 1643 273 sex-

160 307 298 351 decim
319 308 498 364 reperire
526 320 588 351 est
612 322 815 351 versuum
841 306 1062 360 clausulas,
1095 305 1145 350 ad
1167 306 1381 364 exemplar
1412 305 1643 349 verborum

159 385 275 436 amia,
313 384 480 441 espanie,
503 382 674 441 florie...
715 382 978 436 informatas,
1016 382 1134 426 nulla
1158 395 1300 427 autem
1329 383 1560 440 participia,
1598 382 1642 425 in

161 459 488 517 triphthongum
514 461 565 502 ie'ez
590 460 826 503 terminata.
858 460 952 502 Pari
971 471 1116 503 autem
1138 460 1300 503 ratione
1328 471 1524 516 poemata
1545 473 1645 502 con-

159 535 308 579 ferenti
333 551 438 593 quae
458 534 547 578 sola
567 534 801 579 scribarum
828 533 911 578 fide
929 536 1090 579 auctori
1114 547 1262 579 nostro
1290 548 1388 579 sunt
1414 535 1639 592 assignata,

160 623 259 655 octo
289 624 518 656 occurrunt
553 612 597 654 in
634 612 820 655 carmine
859 612 986 656 tertio
1003 611 1221 665 vocabula,
1259 610 1461 655 undecim
1483 612 1527 654 in
1560 626 1647 654 car-

161 689 278 731 mine
304 689 470 746 quinto,
492 688 679 746 quinque
696 689 741 731 in
762 689 949 731 carmine
964 700 1131 741 octavo,
1161 686 1375 731 sexdecim
1397 688 1441 730 in
1460 688 1645 731 carmine

160 762 428 815 duodecimo,
469 765 512 806 in
558 775 699 807 totum
741 779 813 807 sex
853 776 894 807 et
939 765 1246 822 quinquaginta
1293 763 1499 808 vocabula
1539 779 1646 822 quae

160 841 307 883 omnia
331 855 419 883 non
436 840 763 898 participialium
789 840 1016 884 verborum
1038 852 1086 884 ut
1121 840 1251 893 brisie,
1292 840 1441 893 huchie,
1473 840 1644 894 chaucie,

158 918 390 970 correcie...,
422 915 495 960 sed
518 915 827 960 vocabulorum
852 917 1052 974 acomplie,
1073 918 1163 971 mie,
1192 917 1327 970 Suria,
1356 917 1431 970 vie,
1459 918 1646 974 seignorie

160 997 236 1046 aie,
256 994 378 1046 eume,
401 1005 521 1036 ete...
546 991 871 1036 similitudinem
893 992 1092 1037 referunt.

217 1071 347 1129 Atqui
374 1071 417 1113 in
440 1072 604 1128 poetico
623 1070 855 1113 certamine
877 1085 899 1113 a
924 1069 1105 1115 Nicolao
1126 1084 1166 1113 et
1185 1069 1345 1126 Jacobo
1367 1069 1650 1114 Ambianensi

158 1146 328 1204 incepto
348 1145 471 1204 (XI),
502 1147 611 1190 inter
630 1145 837 1189 vocabula
851 1148 989 1200 servia,
1015 1148 1103 1200 mie,
1125 1151 1202 1200 ai'e,
1232 1146 1402 1200 druerie,
1415 1147 1487 1204 fle,
1510 1147 1652 1204 depar-

160 1224 210 1266 tie
249 1223 520 1281 participium
556 1224 681 1281 proiie
715 1238 803 1266 non
841 1225 932 1267 sine
962 1223 1244 1268 admiratione
1291 1224 1476 1282 quadam
1520 1224 1651 1268 offen-

162 1298 252 1343 des.

217 1375 339 1420 Num
366 1391 388 1418 a
411 1391 454 1419 se
480 1377 573 1433 ipso
599 1374 770 1420 dissidet
797 1375 1032 1421 Nicolaus?
1065 1376 1249 1420 Minime
1279 1376 1480 1435 equidem
1496 1394 1508 1431 ;
1542 1392 1649 1420 nam

160 1451 378 1509 stropham
411 1453 479 1496 cui
514 1452 771 1496 vocabulum
794 1454 921 1511 proiice
958 1453 1166 1497 insertum
1208 1466 1270 1497 est
1312 1469 1401 1497 non
1445 1452 1648 1498 Nicolaus

159 1526 365 1579 condidit,
395 1527 469 1571 sed
494 1529 529 1571 is
564 1529 739 1586 quicum
766 1528 964 1583 certabat,
1001 1529 1185 1585 Jacobus
1213 1528 1298 1582 ille,
1334 1530 1408 1588 qui
1441 1529 1646 1588 legitime,

161 1617 307 1662 utpote
334 1604 384 1647 ab
407 1603 631 1648 Ambianis
655 1604 880 1658 oriundus,
911 1605 1244 1664 triphthongum
1275 1606 1327 1649 ie'e
1358 1605 1647 1650 contrahebat.

218 1679 322 1738 IV.)
343 1681 386 1725 Si
412 1694 610 1738 poemata
628 1681 814 1727 Nicolao
840 1694 934 1726 tum
955 1695 1066 1726 certe
1087 1697 1186 1726 cum
1204 1683 1362 1726 incerte
1384 1682 1540 1727 tributa
1566 1698 1650 1726 res-

162 1757 340 1814 pexeris,
365 1772 415 1800 ex
437 1756 626 1815 pluribus
652 1773 853 1801 versuum
876 1757 1072 1802 clausulis
1102 1771 1215 1816 patet
1253 1757 1572 1816 diphthongum
1610 1760 1653 1802 ai

161 1834 204 1876 in
239 1848 372 1877 unum
413 1849 569 1877 sonum
610 1849 628 1877 ε
667 1849 756 1877 non
786 1835 1037 1888 coalescere,
1078 1834 1121 1878 id
1160 1848 1221 1878 est
1258 1834 1465 1879 vocabula
1508 1844 1647 1888 musei,

163 1910 342 1963 matinet,
379 1910 522 1964 verdet,
559 1919 757 1964 ameroset,
798 1919 872 1954 met
913 1923 955 1954 et
994 1910 1199 1955 vocabula
1230 1912 1328 1967 fait,
1378 1912 1509 1955 lait...
1560 1928 1649 1955 non

160 1985 361 2029 eumdem
397 1985 549 2029 referre
590 1988 634 2029 in
669 1985 859 2030 cadendo
898 2002 1071 2040 sonum,
1119 2002 1196 2031 nec
1229 1987 1434 2032 vocabula
1463 1989 1647 2046 pucelete,

162 2071 381 2106 amorete...
405 2061 749 2121 vocabulumque
774 2063 941 2107 deshaz‘te
960 2063 1156 2107 similiter
1178 2062 1388 2108 desinere.

226 2137 309 2195 V.)
336 2139 405 2182 An
428 2137 553 2182 verba
575 2140 618 2182 in
640 2138 825 2183 litteram
845 2155 864 2183 s
887 2152 929 2183 et
945 2139 1072 2183 verba
1093 2141 1136 2183 in
1164 2139 1351 2184 litteram
1377 2156 1400 2196 z
1419 2139 1653 2185 desinentia

165 2213 277 2272 apud
320 2214 553 2260 Nicolaum
583 2217 737 2273 pariter
773 2218 1097 2269 consenuerint,
1151 2232 1173 2260 e
1213 2230 1394 2275 quatuor
1451 2219 1646 2261 carmini-

166 2290 240 2334 bus
262 2289 312 2333 ab
339 2306 389 2334 eo
430 2292 637 2334 nimirum
667 2293 912 2349 compositis
950 2291 1067 2335 nulla
1095 2306 1261 2350 praesto
1289 2306 1350 2336 est
1386 2292 1649 2350 dijudicandi

166 2365 354 2410 facultas.
379 2367 426 2410 In
449 2368 637 2410 carmine
659 2380 802 2411 autem
823 2368 876 2421 ΙΙ,
901 2369 1010 2411 inter
1040 2368 1161 2426 plura
1186 2369 1363 2412 nomina
1396 2370 1439 2412 in
1469 2368 1653 2413 litteram

163 2458 181 2486 s
206 2442 326 2486 finita
352 2442 507 2501 (eschis,
525 2445 601 2497 vis,
623 2445 714 2497 mis,
735 2445 838 2498 avis,
863 2445 952 2502 pris
973 2443 1240 2502 (prehensus),
1260 2445 1371 2502 jolis,
1390 2447 1511 2499 amis,
1530 2447 1650 2500 devis,

165 2521 237 2572 ris,
259 2520 371 2577 jolis,
394 2520 537 2577 plevis,
571 2521 706 2573 Paris,
738 2536 899 2564 nomen
922 2522 1017 2578 pria
1051 2520 1269 2578 (pretium)
1301 2520 1504 2574 offendes,
1540 2521 1654 2581 quod
