1851 2949
769 203 1004 245 —15-

164 297 492 341 oblectationem
522 313 530 339 :
562 309 750 340 ceterum
777 311 909 354 aeque
931 297 1110 349 vivaces,
1144 296 1233 353 pari
1261 294 1394 338 modo
1422 310 1643 353 perennes.

164 373 284 418 Nihil
316 374 474 417 tristius
511 388 668 425 errore,
709 372 790 415 nisi
826 373 938 416 iners
971 371 1179 429 ovilisque
1216 371 1448 415 hominum
1484 384 1647 425 natura,

167 465 272 508 quae
296 465 483 493 errorem
504 447 736 508 quemlibet
760 449 913 505 excipit
933 460 973 492 et
993 447 1124 492 fovet.
1148 446 1269 492 Nihil
1290 448 1451 492 tristius
1474 448 1648 505 ineptia,

166 527 245 570 nisi
301 525 581 584 exploraveris
631 538 787 584 quanta
836 526 1041 583 temporis
1084 538 1123 570 et
1170 525 1410 569 studiorum
1459 526 1650 583 impensa

166 603 324 660 ineptia
341 601 593 646 destruatur.
619 603 791 646 Frustra
816 602 1018 646 Paulinus
1038 602 1154 645 Paris
1173 601 1248 644 has
1269 599 1320 644 de
1338 600 1521 645 Nicolao
1538 600 1654 644 fabu-

166 678 226 722 las
257 677 492 735 redarguit3
523 679 765 735 superstites
792 676 926 722 adhuc
955 689 1158 735 perstant,
1206 693 1304 720 narn
1339 677 1497 734 ineptia
1528 692 1656 735 quae⁶

166 753 281 806 libet,
312 753 381 797 ubi
405 755 592 812 primum
619 755 663 798 in
686 753 833 798 orbern
857 754 1024 808 emissa,
1055 753 1211 808 adolet,
1237 752 1375 806 floret,
1401 752 1651 811 explicatur,

166 831 267 875 vivit
286 830 331 874 in
354 843 589 874 aeternum.

889 1013 927 1056 II

310 1176 425 1232 Quid
453 1176 495 1218 de
526 1176 691 1219 Nicolai
723 1175 874 1217 Museti
903 1175 989 1217 vita
1019 1183 1254 1232 perspectmn
1287 1175 1512 1218 habeamus.

230 1340 294 1382 De
316 1339 448 1381 nostri
466 1350 617 1395 poetae
637 1338 722 1381 vita
743 1352 874 1395 pauca
893 1336 1066 1395 quidem
1083 1349 1291 1389 tenemus,
1316 1336 1389 1380 sed
1408 1337 1506 1380 satis
1528 1349 1654 1381 certa.

231 1415 404 1471 Quippe
440 1429 537 1457 cum
577 1426 659 1457 tres
694 1429 743 1456 ex
785 1415 868 1457 suis
909 1413 1097 1470 patronis
1140 1413 1394 1457 nominatim
1436 1411 1657 1470 protulerit

172 1490 394 1543 Nicolaus,
425 1489 583 1533 scilicet
615 1506 623 1532 :

236 1576 277 1609 10
310 1582 413 1609 mon
437 1564 522 1609 bon
551 1567 721 1622 seignor
742 1565 792 1609 de
814 1566 1119 1623 W'aignonrut‚

232 1653 278 1687 20
310 1643 349 1687 la
376 1643 485 1687 bone
509 1642 729 1696 duchesse,

234 1729 278 1777 30
312 1720 349 1763 le
376 1719 461 1763 bon
481 1732 620 1763 comte
643 1718 693 1762 de
718 1718 986 1772 VVidernont,

172 1797 391 1854 inquisivit
416 1798 462 1839 P.
496 1796 634 1839 Paris1
664 1811 750 1853 quo
784 1807 975 1852 tempore
1009 1807 1051 1838 et
1080 1795 1122 1837 in
1154 1810 1235 1852 qua
1264 1796 1434 1852 regione
1462 1795 1655 1847 vixerint,

172 1872 297 1931 idque
327 1872 432 1916 adeo
465 1874 681 1930 sagaciter,
713 1885 774 1925 ut,
806 1886 912 1929 quae
947 1872 1142 1927 conjecit,
1181 1872 1349 1928 propria
1384 1869 1656 1927 indagatione

173 1948 370 1992 roborare
396 1947 586 2006 quidem,
615 1963 702 1990 non
723 1960 866 1991 autem
893 1946 1096 2004 ampliare
1117 1946 1297 1990 valeam.

236 2033 275 2068 10
309 2025 420 2076 Quis
441 2026 521 2068 hoc
542 2024 662 2068 titulo
681 2040 700 2064 <‹
725 2039 814 2066 mon
829 2023 899 2066 bon
918 2025 1069 2079 seignor
1088 2024 1131 2066 de
1159 2025 1217 2067 W
1213 2025 1428 2080 aignonrut
1447 2040 1466 2063 »
1487 2038 1652 2067 memo-

173 2114 286 2144 ratus
307 2101 399 2144 est?

230 2178 446 2234 Ancipites
485 2175 692 2219 haesitant
724 2175 848 2230 hujus
883 2173 1079 2218 vocabuli
1118 2174 1278 2218 formae
1318 2191 1326 2218 ;
1366 2189 1466 2217 narn
1498 2175 1541 2217 in
1571 2174 1660 2218 ber·

173 2255 293 2298 nensi
315 2252 459 2297 codice
486 2253 545 2295 Β2
577 2253 843 2309 PVaignonrut
869 2250 1035 2309 legitur,
1062 2253 1102 2294 in
1130 2253 1419 2308 manuscripto
1445 2252 1666 2309 parisiensi

171 2330 271 2374 Pb¹²
303 2331 566 2386 lVaigonrut3
600 2330 643 2371 in
676 2327 849 2371 diversis
885 2326 1084 2371 Gaufredi
1117 2327 1431 2371 Villeharduini
1464 2327 1667 2371 historiae

170 2405 411 2450 codicibus²
436 2422 443 2448 :
468 2406 675 2462 Gaignoru
697 2402 795 2461 (A),
819 2404 1073 2461 Gaignonriu
1099 2403 1196 2461 (B),
1224 2405 1262 2447 V
1259 2405 1416 2461 oignoni
1441 2403 1501 2462 (C
1524 2405 1562 2447 D
1585 2402 1659 2460 E),

224 2575 253 2598 1.
282 2564 427 2598 Histoire
447 2563 618 2605 littra-aire,
639 2571 662 2597 t.
686 2562 817 2604 XXIII,
844 2571 1007 2607 547-553.

222 2631 253 2654 2.
283 2619 337 2654 Cf.
360 2620 417 2654 ed.
437 2631 455 2653 a
471 2620 508 2653 de
528 2619 662 2665 Waz'lly,
682 2627 836 2652 curatam
855 2619 873 2663 ᾗ
890 2628 919 2661 5.
