1810 2903
818 156 1051 199 ,51-

249 235 342 277 Hoc
368 234 497 291 igitur
526 236 570 278 in
600 239 816 279 amatoriis
842 238 1105 281 carminibus
1136 238 1215 281 sibi
1239 239 1460 296 proprium
1484 255 1529 283 ac
1555 255 1681 297 pecu-

188 310 285 353 liare
319 312 511 354 Musetus
547 311 701 356 habere
732 312 919 367 videtur,
959 313 1075 372 quod
1102 315 1246 358 nescio
1279 315 1381 372 quid
1417 316 1459 358 in
1495 317 1544 358 iis
1578 331 1676 359 vere

184 386 381 443 gallicum
419 401 558 442 sonat,
596 402 637 432 et
688 390 858 433 insitam
890 392 1007 447 genti
1041 403 1211 434 nostrae
1247 390 1502 435 hilaritatem
1536 391 1677 435 refert.

189 463 319 520 Finge
359 463 461 507 haec
496 467 683 508 carmina
721 465 853 509 modo
890 468 1101 524 graviore,
1142 467 1280 526 qualis
1317 480 1379 512 est
1419 468 1682 525 hymnorum

189 554 420 590 sacrorum,
445 540 684 595 decantari,
708 554 755 585 ut
774 558 869 586 mos
891 556 976 587 erat
1007 561 1014 586 :
1047 546 1124 587 ista
1151 543 1401 598 modulatio,
1425 544 1553 598 lenta,
1578 546 1684 588 seria

189 631 234 658 ac
258 617 412 672 gravis,
447 618 523 660 ista
546 633 834 663 numerorum
874 621 1068 674 varietas,
1098 622 1175 664 ista
1195 619 1428 664 disserendi
1450 621 1677 674 subtilitas,

189 707 288 735 cum
314 692 471 747 subito,
498 707 648 738 coorto
670 696 755 739 risu
776 694 1041 754 facetiisque,
1066 697 1462 754 interrumperetur,
1487 713 1678 756 quonam

187 768 320 812 modo
365 770 544 813 animos
592 770 858 815 audientium
913 772 1118 816 affectura
1170 774 1281 816 erat!
1330 789 1437 831 quae
1483 775 1542 817 vis
1584 774 1682 818 inde

190 847 373 889 comica!

892 979 968 1022 IV.

246 1122 355 1166 Illud
399 1136 609 1180 praeterea
658 1123 895 1167 notandum
943 1126 1165 1169 Musetum
1219 1128 1404 1183 poemati
1445 1129 1677 1182 amatoriis,

190 1214 295 1257 quae
317 1199 490 1257 quidem
514 1200 669 1243 nobilis
691 1216 870 1258 poeseos
898 1201 1036 1244 forma
1063 1215 1142 1256 est,
1174 1219 1297 1246 usum
1330 1219 1420 1247 esse
1457 1218 1502 1248 ut
1527 1206 1680 1261 gaudia

190 1292 234 1319 ac
261 1276 475 1320 molestias
497 1278 606 1320 vitae
634 1293 732 1320 suae
760 1279 1030 1335 exprimeret.
1061 1278 1250 1322 Attende
1273 1281 1392 1323 enim
1420 1281 1678 1325 celebratum

188 1369 372 1406 carmen,
398 1353 513 1411 quod
539 1355 597 1396 sic
616 1355 760 1411 incipit
786 1368 794 1394 :

515 1449 605 1491 Sire
627 1464 770 1501 cuens,
795 1449 859 1504 j'ai
881 1449 991 1493 viele

516 1526 683 1569 Devant
708 1540 801 1579 VOS,
826 1541 878 1569 en
901 1538 1041 1569 vostre
1060 1527 1224 1571 ostel...

248 1621 389 1664 Nemo
412 1635 601 1677 unquam
617 1619 727 1678 apud
750 1636 828 1664 nos
846 1622 1020 1675 exstitit,
1036 1622 1146 1665 inter
1159 1624 1400 1680 scriptores,
1418 1626 1489 1682 qui
1506 1640 1679 1668 manum

191 1696 242 1740 ad
269 1699 419 1754 stipem
441 1696 672 1754 elegantius
694 1698 920 1755 porigeret‚
947 1713 991 1740 ac
1012 1697 1205 1742 libertate
1234 1699 1460 1743 urbaniore
1487 1702 1530 1744 in
1555 1717 1680 1745 men-

191 1772 370 1816 dicando
391 1786 591 1817 uteretur.
613 1774 770 1817 Nonne
793 1775 909 1817 enim
930 1787 971 1817 et
991 1776 1077 1832 ipse
1100 1788 1141 1818 et
1162 1788 1250 1819 tota
1271 1776 1342 1819 illa
1362 1778 1556 1834 epicurea
1568 1780 1679 1834 jocu—

191 1851 363 1893 latorum
390 1862 517 1903 secta,
541 1849 722 1894 vividius
743 1852 862 1909 quasi
888 1867 1101 1909 expressa,
1128 1852 1194 1895 his
1217 1853 1405 1897 versibus
1426 1855 1582 1912 spirat?

516 1944 617 1988 L'en
645 1945 825 2003 m'apele
847 1945 975 1989 Colin
996 1947 1139 1990 Muset
1164 1963 1172 1989 z

518 2020 602 2064 S'ai
622 2023 789 2078 mangie
811 2023 949 2065 maint
969 2022 1054 2066 bon
1076 2022 1307 2080 chaponet,

517 2099 678 2142 Mainte
707 2097 841 2152 haste,
863 2100 998 2143 maint
1014 2100 1204 2156 gastelet,

516 2176 578 2218 En
604 2176 769 2232 vergier
788 2189 828 2219 et
852 2192 905 2218 en
931 2176 1110 2233 praelet;

519 2252 567 2296 Et
586 2263 717 2310 quant
734 2253 771 2308 je
793 2253 885 2309 puis
904 2266 996 2296 oste
1018 2265 1175 2306 trover‚

518 2329 606 2378 Qui
631 2341 731 2372 vuet
751 2329 911 2372 acroire
938 2341 980 2372 et
1000 2328 1097 2372 bien
1122 2341 1300 2387 prester,

518 2403 665 2448 Adont
682 2420 750 2447 me
771 2417 892 2462 prent
914 2420 936 2447 a
962 2407 1152 2461 sejorner

522 2481 677 2525 Selonc
703 2481 742 2524 la
763 2481 961 2526 blondete
983 2497 1034 2525 au
1062 2484 1122 2526 vis
1147 2483 1246 2525 cler.

522 2559 618 2602 N’ai
646 2573 743 2601 cure
768 2557 819 2601 de
845 2559 994 2602 roncin
1022 2559 1152 2602 lasset
