1810 2903
765 139 995 179 ‚61—

140 248 182 276 se
205 248 250 276 ac
275 232 428 276 fortem
450 233 493 275 in
519 232 672 289 pugnis
693 230 802 289 apud
824 231 1097 274 Stenimacon
1119 242 1160 273 et
1180 229 1510 287 Andrinopolim
1532 247 1624 288 ges-

139 310 218 362 sit;
247 308 313 352 hic
338 307 508 353 tandem
533 309 687 361 virum,
714 307 783 351 hic
800 306 982 350 militem
1008 322 1229 364 agnosces,
1255 307 1430 364 Saepius
1451 307 1626 365 quidem

139 385 305 438 dicitur,
333 400 411 428 nec
444 400 521 428 nos
549 383 667 437 fallit,
697 384 916 427 cantiones
947 382 1117 426 easdem
1145 382 1235 426 illas
1265 382 1316 426 de
1346 382 1458 426 bello
1486 399 1622 436 sacro,

140 463 185 505 in
211 461 363 520 quibus
395 476 541 504 amans
568 462 726 504 amicae
759 475 933 518 gemens
966 459 1215 503 maledicere
1248 458 1371 517 splet‚
1406 475 1625 503 commen-

140 538 258 581 ticias
285 553 391 581 esse.
417 537 614 595 Vulgaris
640 537 761 591 haec,
791 548 839 580 ut
861 537 994 588 aiunt,
1028 548 1069 579 et
1094 548 1318 594 pervagata
1347 535 1623 580 declamatio!

142 615 253 665 Quis
279 627 420 658 autern
448 613 661 658 subridere
688 613 804 666 velit,
834 615 866 655 si
898 613 1141 656 meminerit
1167 613 1345 656 minime
1375 614 1629 656 commenti-

141 692 228 734 cios
255 707 344 734 esse
377 691 571 734 Cononis
598 706 761 743 versu5‚
792 691 865 748 qui
901 704 1043 733 revera
1070 691 1216 733 Accon
1245 689 1457 747 profectus
1485 689 1627 740 fuerit,

141 781 182 811 et
209 769 416 825 posterius
443 783 559 810 arma
586 767 772 820 Graecis,
800 765 1102 810 Blachensibus
1129 779 1169 810 et
1197 765 1448 810 Lombardis
1475 765 1630 810 intule-

141 845 223 888 rit?
248 845 368 896 Quin
394 846 499 898 imo,
531 845 565 887 si
591 856 654 887 tot
677 856 719 886 et
748 855 860 886 tanta
891 842 1135 886 discrimina
1159 844 1370 886 memoria
1398 844 1627 901 repetieris,

142 921 221 964 hos
241 936 387 965 versus
411 936 499 964 non
525 921 617 963 sine
644 919 920 964 admiratione
947 917 1130 977 quadam
1152 931 1194 963 et
1219 918 1507 964 misericordia
1534 935 1626 978 per-

142 997 256 1056 leges
283 996 388 1055 (IV)
418 1014 426 1041 :

378 1093 430 1135 Ki
454 1091 522 1135 chi
549 1107 602 1135 ne
629 1104 728 1136 veut
754 1091 873 1135 avoir
897 1091 965 1135 vie
986 1091 1204 1144 anoieuse‚

379 1170 423 1213 Si
447 1170 557 1213 voist
583 1183 661 1227 por
684 1169 779 1213 Deu
807 1170 941 1212 morir
965 1167 1041 1212 lies
1061 1180 1103 1212 et
1121 1169 1271 1226 joieus‚

378 1247 442 1289 Ke
460 1245 580 1290 chele
602 1261 718 1289 mors
738 1258 801 1289 est
821 1245 987 1289 douche
1007 1257 1049 1289 et
1069 1260 1294 1289 savoreuse

380 1324 498 1367 Dont
518 1338 574 1366 on
596 1323 788 1367 conkiert
808 1322 846 1366 le
866 1337 992 1379 regne
1014 1322 1250 1380 prech'i'eus‚

377 1401 445 1444 Ne
470 1401 508 1457 ja
534 1398 585 1443 de
613 1412 726 1444 mort
752 1398 851 1443 n’en
878 1401 889 1442 i
914 1413 1056 1443 morra
1083 1415 1164 1443 uns
1187 1414 1299 1452 seus,

379 1478 484 1520 Ains
510 1478 744 1520 naisteront
767 1492 819 1519 en
845 1477 911 1520 vie
938 1475 1164 1533 glorieuse.

381 1552 435 1595 Ki
457 1567 631 1596 revenra
656 1564 779 1596 mout
802 1565 894 1595 sera
927 1559 1078 1596 eureus
1109 1568 1118 1595 z

380 1630 419 1671 A
441 1641 536 1672 tous
563 1630 680 1686 jours
707 1630 814 1672 mais
836 1644 887 1671 en
908 1629 988 1671 iert
1011 1628 1204 1672 honours
1224 1627 1453 1686 s'espeuse.

205 1724 298 1766 Hoc
325 1723 475 1767 saltem
506 1738 584 1781 pro
611 1736 724 1767 certo
752 1722 1000 1777 habeamus,
1034 1739 1255 1781 nunquam
1282 1725 1505 1768 materiem
1533 1726 1633 1769 scri-

145 1799 271 1843 bendi
303 1799 556 1858 ampliorem
582 1801 720 1858 poetis
750 1802 1011 1857 propositam
1041 1799 1168 1844 fuisse
1198 1816 1327 1858 quam
1359 1802 1403 1844 in
1434 1800 1515 1845 illis
1546 1817 1633 1846 car-

145 1876 332 1920 minibus
352 1892 462 1935 quae
489 1878 595 1921 circa
616 1875 775 1920 bellum
799 1892 966 1920 sacrum
992 1876 1280 1921 versabantur.
1311 1877 1368 1921 Ea
1390 1879 1507 1922 enirn
1527 1890 1635 1922 tem-

142 1967 303 2012 pestate
334 1970 469 1998 novos
502 1955 635 1997 animi
669 1967 810 1997 motus
844 1970 983 1998 rerum
1012 1967 1052 1998 et
1081 1953 1290 1998 bellorum
1318 1956 1430 1999 vices
1461 1972 1512 2000 ex
1538 1958 1636 2000 imis

143 2030 396 2089 praecordiis
415 2032 534 2089 quasi
553 2046 603 2074 ex
622 2030 852 2075 vivofonte
869 2031 1118 2075 elicuerunt.
1141 2031 1269 2076 Tunc
1284 2032 1473 2090 primum
1494 2046 1636 2091 poeta-

146 2122 242 2152 rum
255 2109 448 2151 animum
464 2109 509 2151 in
521 2108 754 2151 contrarias
766 2120 902 2166 partes
921 2107 1204 2152 distraxerunt
1216 2107 1313 2152 hinc
1326 2108 1499 2167 cupid0,
1517 2110 1635 2154 illinc

148 2183 354 2238 officium,
377 2183 478 2228 hinc
495 2185 717 2237 terrestris,
742 2184 856 2228 illinc
877 2183 1045 2229 divinus
1066 2201 1186 2229 amor
1199 2203 1210 2240 3
1235 2201 1285 2229 ex
1305 2185 1458 2244 quibus
1480 2187 1637 2232 scilicet

148 2260 352 2305 molestiis
379 2273 420 2305 et
447 2260 833 2319 perturbationibus
863 2277 999 2306 novus
1030 2263 1165 2320 poetis
1196 2261 1364 2306 additus
1397 2276 1438 2307 et
1471 2265 1637 2321 penitus

147 2338 301 2382 infixus
328 2337 451 2382 dolor
467 2355 479 2391 3
507 2338 622 2391 hinc,
653 2337 923 2382 suadentibus
944 2341 1052 2383 veris
1079 2339 1209 2382 animi
1236 2339 1501 2394 cruciatibus,
1526 2340 1638 2384 didi-

148 2428 296 2459 cerunt
329 2416 490 2459 sincere
526 2414 678 2459 flebilia
708 2415 894 2459 carmina
928 2413 1143 2459 effundere
1179 2428 1221 2460 et
1252 2417 1340 2472 ipsa
1372 2415 1637 2474 aegritudine

148 2505 294 2549 pectus
315 2491 523 2536 aluerunt.
549 2493 649 2535 Non
669 2492 796 2550 igitur
814 2491 1186 2545 declamationem,
1211 2508 1297 2536 non
1320 2492 1526 2551 ampullas
1547 2496 1637 2551 jure

147 2570 238 2627 quis
256 2567 458 2625 objiceret
478 2582 625 2627 poetae
643 2570 844 2627 ingenuo,
868 2571 955 2627 qui,
980 2570 1023 2612 in
1044 2569 1251 2627 lacrymas
1272 2568 1428 2613 effusus
1449 2569 1639 2629 (ploranz
