1810 2903
762 187 820 193 -.-
855 176 909 218 50
941 188 998 193 -

130 259 240 300 inter
271 256 412 309 flores,
445 256 512 299 cui
543 254 696 300 fidibus
727 256 856 309 canit,
887 257 1047 312 poetice
1075 254 1305 312 depictum,
1334 255 1477 299 subito
1503 256 1615 312 turpi

131 333 428 376 comissatione
449 331 606 376 foedat.

188 409 269 451 Ista
304 407 504 459 clausula,
550 423 630 464 qua
665 406 873 450 nonnulla
908 423 958 450 ex
991 409 1083 463 ejus
1117 406 1381 449 carminibus
1421 405 1619 449 conclusa

130 497 242 537 sunt,
269 486 387 541 quasi
420 484 677 540 subscriptio
705 484 756 526 iis
789 495 865 526 est.
898 484 966 527 Sic
988 499 1034 526 ea
1050 484 1246 540 joculator
1276 496 1420 526 noster
1450 481 1616 526 videtur

130 560 392 618 obsignasse,
422 573 468 603 ut
494 572 724 602 ostentaret
752 575 796 602 se
823 560 901 602 sibi
933 561 1076 617 ipsum
1104 575 1192 602 non
1219 561 1456 616 imponere.
1487 560 1620 603 Certo

130 638 207 681 scit
226 636 333 680 nihil
357 635 408 679 ad
439 652 483 680 se
510 635 633 679 illum
660 651 852 679 amorem
878 637 1088 693 pertinere
1116 651 1244 694 quem
1268 648 1467 693 quaestus
1489 636 1620 692 gratia

133 713 283 757 fidibus
309 727 434 771 atque
461 711 601 756 modis
628 711 831 766 celebrat3
868 713 1011 770 itaque
1039 725 1087 756 ut
1119 728 1220 756 eum
1248 713 1325 755 rite
1349 724 1392 755 et
1417 727 1467 754 ex
1495 711 1622 754 disci-

133 790 245 848 plina
281 789 439 843 laudat,
477 790 534 832 ita
560 801 704 832 tamen
735 802 906 846 repente
940 788 1140 832 adhibito
1178 791 1271 845 joco
1303 804 1402 832 eum
1436 787 1620 832 ludibrio

134 867 277 910 habet.

189 942 321 994 Quod
355 941 527 1000 quidem
560 942 604 985 in
635 941 708 985 illo
738 942 983 999 praesertim
1023 943 1228 985 carmine¹
1264 954 1435 999 apparet
1470 940 1542 985 ubi
1577 956 1620 983 se

133 1035 230 1064 cum
261 1019 420 1076 Jacobo
452 1018 730 1062 Ambianensi
764 1017 1052 1076 disputantem
1088 1017 1249 1062 inducit
1282 1017 1405 1076 (XI).
1441 1017 1620 1074 jacobus

134 1112 232 1140 eum
252 1108 344 1139 orat
364 1109 409 1139 ut
436 1094 513 1138 sibi
539 1095 783 1153 scrupulum
808 1111 858 1138 ex
879 1098 1023 1139 animo
1044 1095 1195 1139 evellat
1221 1111 1230 1138 z
1262 1111 1305 1138 se
1332 1095 1489 1138 scilicet
1519 1096 1621 1151 jam-

134 1172 204 1217 diu
230 1187 388 1226 amare,
409 1185 449 1215 et
473 1171 689 1224 dominae,
719 1185 765 1215 ut
799 1172 983 1215 amicum
1018 1171 1155 1224 decet,
1197 1172 1376 1225 servire;
1414 1170 1492 1214 sibi
1526 1185 1622 1228 gra-

136 1251 238 1293 tiam
264 1249 313 1292 ab
335 1248 402 1291 illa
422 1249 560 1305 specie
583 1247 763 1305 quadam
789 1249 1003 1292 suavitatis
1024 1248 1192 1302 referri;
1215 1249 1365 1291 timere
1387 1261 1529 1291 tamen
1556 1262 1616 1299 se,

136 1342 190 1369 ne
216 1341 260 1369 se
282 1324 350 1368 illa
376 1323 558 1367 ludibrio
587 1323 752 1368 habeat.
778 1324 896 1374 Quid
922 1324 1073 1367 faciat?
1101 1325 1216 1367 illam
1245 1340 1298 1367 ne
1325 1323 1534 1367 dimittat?
1567 1349 1619 1354 —

135 1401 351 1446 Praeclara
371 1417 470 1445 sane
496 1402 661 1444 occasio
679 1414 766 1444 erat
783 1401 1085 1453 instituendae,
1110 1400 1226 1459 quod
1249 1414 1347 1444 tunc
1370 1402 1500 1443 moris
1515 1413 1618 1453 erat,

135 1479 466 1531 controversiae,
492 1493 573 1536 qua
596 1491 721 1535 poeta
755 1479 928 1521 Amoris
951 1491 1088 1535 partes
1113 1489 1317 1530 tueretur,
1348 1475 1621 1534 perferendos

136 1571 225 1599 esse
249 1558 405 1599 amanti
436 1570 573 1613 aequo
605 1556 748 1598 animo
789 1554 956 1597 dolores
994 1555 1284 1611 gravissimos,
1317 1554 1481 1597 etiamsi
1507 1552 1622 1596 labo-

137 1646 246 1676 raret
277 1632 501 1690 zelotypia,
535 1631 825 1675 contenderet.
853 1632 1043 1674 Tantum
1066 1630 1182 1674 abest
1210 1644 1254 1674 ut
1281 1629 1331 1673 ad
1360 1631 1403 1673 id
1428 1629 1621 1673 intendat

136 1709 363 1762 Nicolaus;
392 1708 500 1751 hanc
526 1710 793 1751 occasionem
824 1708 930 1765 rapit
962 1706 1014 1750 ad
1044 1706 1287 1763 iocandum,
1320 1720 1365 1750 ut
1391 1706 1526 1750 homo
1561 1719 1622 1750 est

138 1788 281 1829 animo
308 1785 427 1828 hilari
461 1797 501 1827 et
533 1783 583 1827 ad
614 1786 730 1840 jocos
775 1796 977 1841 prompto
1014 1799 1021 1823 :
1061 1800 1080 1823 «
1115 1785 1279 1840 Pauper
1311 1799 1369 1836 es,
1407 1784 1561 1841 inquit,
1597 1800 1622 1825 o

138 1863 264 1906 bone.
301 1863 343 1906 Si
375 1861 525 1904 illustri
557 1861 653 1904 loco
688 1873 783 1903 nata
817 1874 895 1914 est,
927 1876 1056 1918 quam
1089 1876 1222 1913 amas,
1253 1875 1430 1917 operam
1459 1859 1618 1917 perdis;

136 1941 201 1983 sin
230 1952 372 1983 autem
400 1937 569 1991 humili,
601 1938 767 1980 etiamsi
800 1939 852 1980 sit
888 1937 1104 1988 ditissima,
1136 1952 1223 1979 non
1255 1950 1294 1980 te
1329 1936 1502 1988 amabit,
1541 1937 1621 1978 nisi

137 2014 241 2059 bene
269 2014 500 2073 peculiatus
530 2015 626 2057 eris.
659 2013 766 2056 Mihi
800 2028 902 2056 vero
929 2014 1004 2056 ista
1040 2012 1229 2065 valeant,
1267 2028 1346 2069 ego
1375 2013 1545 2070 resipui,
1582 2025 1623 2055 et

138 2091 188 2134 ad
209 2107 334 2149 capos
366 2092 542 2148 pingues
569 2089 864 2147 placentasque
886 2088 1065 2132 mellitas
1077 2104 1144 2131 me
1169 2089 1326 2142 refer03
1354 2090 1618 2135 scitamenta,

139 2167 322 2219 bellaria,
352 2166 552 2224 lignaque
580 2165 643 2208 his
677 2166 890 2209 mensibus
919 2165 1106 2208 hibernis
1133 2180 1259 2222 super
1295 2165 1391 2208 foco
1421 2167 1618 2221 reposita,

138 2259 257 2286 meae
279 2256 374 2286 sunt
401 2242 588 2294 deliciae,
619 2257 711 2284 mea
730 2257 844 2295 cura,
870 2257 965 2284 mea
982 2241 1176 2298 voluptas
1208 2255 1215 2280 τ

372 2338 506 2380 Faites
528 2337 634 2389 ensi,
660 2339 692 2378 si
713 2338 881 2378 menres
902 2335 1011 2378 bone
1029 2337 1114 2379 vie!
1156 2353 1175 2374 »

185 2477 213 2500 1.
244 2467 297 2499 De
322 2466 388 2500 hoc
408 2474 615 2511 poematum
632 2475 759 2512 genere
780 2464 921 2511 (gallice
953 2464 1055 2505 de'bat,
1082 2475 1155 2498 non
1181 2472 1299 2498 autem
1321 2464 1480 2510 jeu-parti
1508 2463 1622 2509 appel-

133 2522 237 2565 lato),
260 2532 398 2567 perraro
427 2522 555 2555 nostris
584 2521 698 2566 lyricis
721 2521 860 2561 usitato,
880 2520 1031 2565 Jeanroy
1051 2520 1239 2561 luculente,
1264 2528 1302 2553 ut
1324 2519 1424 2562 solet,
1446 2520 1619 2554 disseruit.

132 2577 247 2622 (Orig.
257 2604 264 2617 ‚
287 2588 359 2622 cap.
381 2576 445 2619 11.)
