1851 2949
787 207 845 214 .-
877 197 904 238 4
936 207 993 212 —

149 295 318 323 carmen
349 295 485 325 unum
516 295 538 322 a
569 279 708 335 Parny
734 277 1025 334 compositum
1058 275 1224 330 referat,
1258 292 1396 320 unum
1427 292 1450 320 a
1478 278 1632 332 Bertin,

151 372 287 399 unum
313 371 336 398 a
362 356 529 407 Gresset,
560 370 695 397 unum
728 370 749 396 a
781 353 1016 407 Colardeau,
1049 368 1186 396 unum
1217 367 1239 395 a
1267 353 1469 406 Gre‘court,
1500 369 1638 398 unum

150 449 170 474 a
191 432 431 484 Malfilcitre‚
453 446 591 474 unum
607 446 629 472 a
645 429 847 486 Boufflers,
865 444 1007 472 nonne
1023 428 1205 472 similem
1225 444 1455 486 paremque
1470 429 1638 473 vultum

149 509 330 552 referent
347 509 428 561 isti,
447 508 616 564 cognati
632 507 823 563 quidem,
842 505 991 548 diversi
1008 517 1151 548 tamen
1170 518 1318 562 poetae
1335 506 1351 548 ?
1369 507 1428 548 Ut
1443 505 1638 563 exempla

150 600 295 644 pauca,
334 583 407 627 sed
441 598 534 625 mea
573 580 748 639 quidem
786 581 990 624 sententia
1023 583 1179 637 gravia,
1220 579 1450 633 conferam,
1483 596 1505 623 e
1547 580 1633 624 duo

150 675 190 705 et
206 662 373 719 triginta
390 657 644 703 carminibus
666 672 773 715 quae
796 656 918 700 nobis
941 656 990 699 ab
1012 657 1167 699 eximio
1189 669 1312 714 poeta
1332 655 1580 700 Guilhelmo
1601 657 1635 699 le

156 739 292 782 Vinier
309 735 458 780 tradita
473 747 586 787 sunt,
609 746 770 791 septem
785 746 855 777 aut
869 745 966 776 octo
981 732 1096 776 solus
1115 732 1460 776 Brakelmannius
1479 731 1631 787 edidit;

152 828 192 859 et
220 817 275 859 ita
309 812 439 856 edidit
473 825 521 855 ut
549 827 595 855 ea
623 811 894 854 commodius
922 809 1204 867 libentiusque
1236 810 1280 852 in
1308 810 1400 866 ipso
1434 809 1637 852 Bernensi

151 891 292 936 codice
342 889 518 947 legeres.
567 886 806 931 Theobaldi
855 886 1113 943 Campaniae
1153 886 1337 939 comitis,
1387 901 1634 943 quanquam

150 966 411 1012 celeberrimi
450 966 581 1009 totius
620 963 787 1007 scholae
825 975 989 1020 poetae,
1027 961 1144 1005 nulla
1187 974 1320 1005 exstat
1361 961 1490 1005 editio
1528 977 1634 1020 quae

152 1060 313 1088 meram
335 1041 672 1086 mediocritatem
695 1055 781 1082 non
803 1038 1004 1082 redoleat.
1034 1037 1243 1094 Johannis
1270 1036 1416 1080 Erardi
1441 1039 1634 1095 quinque

152 1135 192 1166 et
235 1120 417 1177 vinginti
460 1117 670 1169 carmina,
711 1116 824 1158 Petri
865 1113 1129 1171 d'Angecourt
1173 1114 1344 1171 triginta
1393 1125 1434 1157 et
1470 1129 1630 1166 unum,

149 1198 304 1242 Moniot
335 1193 625 1238 Atrebatensis
646 1192 837 1249 quinque
865 1203 905 1233 et
926 1191 1234 1247 quinquaginta
1268 1190 1462 1232 exstitere
1487 1205 1495 1232 :
1529 1205 1635 1247 quae

148 1275 242 1332 quis
274 1286 465 1329 unquam
507 1269 634 1326 legit?
667 1267 776 1317 Quis
812 1266 893 1310 fuit
930 1265 1138 1309 Iohannes
1172 1264 1242 1308 ille
1279 1263 1486 1308 Erardus?
1526 1265 1636 1315 Quis

149 1352 295 1394 Petrus
319 1345 610 1403 d'Angecourt?
637 1344 746 1393 Quis
776 1343 930 1385 Moniot
957 1341 1274 1385 Atrebatensis?
1306 1342 1412 1384 Sunt
1438 1341 1632 1395 nomina,

152 1439 448 1485 praetereaque
478 1420 598 1464 nihil.
1294 1410 1297 1412 ’

209 1504 355 1560 Itaque
388 1498 525 1557 (cum,
563 1495 767 1539 hodierna
806 1495 889 1548 die,
919 1493 1331 1537 studiosissimorum
1369 1492 1632 1537 eruditorum

151 1593 344 1630 munere,
368 1577 442 1634 qui
469 1573 633 1618 codices
658 1588 809 1615 omnes
837 1586 973 1628 nuper
1000 1569 1354 1628 descripserunt1,
1376 1570 1443 1613 via
1460 1568 1633 1613 tandem

148 1656 271 1700 nobis
294 1653 456 1697 facilior
481 1648 695 1707 munitur)
723 1647 980 1691 ineluctabili
1010 1645 1141 1690 modo
1171 1647 1296 1690 instat
1318 1657 1365 1690 ut
1385 1645 1514 1688 medii
1545 1647 1635 1690 aevi

149 1734 379 1791 lyricorum
423 1727 629 1772 editiones
674 1741 805 1783 quam
840 1723 1048 1782 plurimae
1085 1724 1129 1765 in
1168 1722 1307 1766 lucem
1349 1721 1629 1779 proferantur.

147 1811 277 1853 Instat
304 1820 366 1861 ut,
395 1807 438 1848 in
464 1817 718 1861 unaquaque
746 1801 947 1854 editione,
985 1801 1129 1843 stricto
1160 1798 1480 1856 philologorum
1510 1813 1632 1842 more

148 1885 438 1929 discernamus
460 1896 568 1939 quae
595 1879 782 1923 carmina
810 1878 981 1929 merito,
1012 1891 1119 1934 quae
1143 1876 1357 1918 immerito
1387 1874 1486 1918 huic
1507 1887 1632 1932 atque

146 1962 208 2005 illi
249 1960 412 2004 auctori
460 1956 666 2014 adscripta
713 1955 811 2007 sint,
863 1969 949 2011 quo
989 1965 1203 2009 tempore,
1251 1952 1296 1994 in
1335 1966 1417 2008 qua
1454 1951 1631 2007 regione

146 2039 438 2095 unusquisque
461 2046 584 2091 poeta
610 2032 774 2074 vixerit.
804 2030 935 2072 Instat
965 2041 1010 2071 ut
1035 2040 1368 2071 monumentum
1398 2042 1420 2069 a
1451 2025 1630 2069 Paulino

147 2115 263 2157 Paris
297 2124 489 2155 exactum
521 2108 850 2152 substruamus².
886 2103 1018 2155 Quod
1048 2119 1205 2147 munus
1230 2102 1415 2147 Nicoloo
1438 2103 1626 2155 Muset0‚

146 2193 264 2247 cujus
276 2189 461 2232 carmina
480 2185 530 2229 ad
548 2186 653 2228 lianc
669 2183 782 2227 diem
805 2198 937 2240 usque
953 2180 1110 2224 inedita
1127 2182 1219 2238 jure
1239 2179 1381 2222 haberi
1402 2192 1581 2236 possunt
1595 2186 1625 2234 3,

145 2283 220 2326 pro
244 2265 398 2310 viribus
426 2264 531 2306 meis
552 2261 751 2319 praestiti.

194 2398 223 2421 1.
253 2386 297 2420 G.
320 2382 502 2430 Raynaud‚
524 2379 759 2425 Bilaliogmphie
778 2378 829 2411 des
841 2376 1232 2421 chamonnim-sstansais.
1249 2395 1292 2399 —-
1308 2374 1471 2417 Schwan,
1495 2374 1544 2408 die
1557 2374 1623 2420 afz.

144 2442 508 2487 Liedcrhandschrzften,
534 2451 549 2473 Ι
557 2439 635 2481 835.

193 2513 225 2536 2.
256 2500 401 2533 Histoire
419 2495 621 2530 litte'rairede
638 2495 669 2527 la
688 2493 824 2533 france,
848 2500 871 2526 t.
895 2491 1024 2524 XXIII.

195 2568 225 2602 3.
253 2555 373 2589 Nostri
403 2553 545 2598 quidem
571 2558 693 2595 poetae
713 2548 868 2582 carmina
888 2548 957 2592 jam
980 2546 1068 2591 typis
1088 2544 1266 2578 mandavit
1283 2544 1321 2578 P.
1352 2543 1466 2578 Tarbe
1497 2544 1625 2588 (Chan-

137 2613 284 2648 sonniers
310 2611 346 2644 de
363 2609 580 2654 Champagne,
603 2604 722 2650 1850).
744 2604 797 2637 De
817 2613 888 2648 quo
922 2602 968 2635 sic
1001 2601 1107 2634 sensit
1139 2601 1184 2634 A.
1213 2600 1364 2644 Jeanroy
1396 2611 1402 2632 :
1439 2613 1456 2631 «
1484 2599 1624 2634 Nullius
