1810 2903
803 152 1036 195 -32-

175 247 243 277 aut
280 235 412 277 comiti
446 234 690 290 saepissime
719 233 1010 290 aequiparatus
1029 239 1039 256 ¹
1071 247 1079 273 :
1112 231 1181 274 cui
1208 231 1241 273 si
1270 245 1445 288 operam
1475 229 1656 274 fideliter

174 324 213 354 et
232 322 473 354 constanter
493 310 669 362 navasti,
692 308 976 366 patrocinium
1000 320 1121 351 tuum
1143 307 1421 364 profitebitur.
1447 308 1515 351 Sic
1536 308 1657 351 Mau-

173 387 294 431 ritius
321 385 607 430 Credonensis
631 387 755 442 jactat
781 401 825 428 se
851 385 1040 437 Amoris,
1071 383 1120 427 ab
1147 384 1291 441 stirpe,
1321 399 1490 428 servum
1516 401 1525 427 ε
1558 400 1657 428 curn

175 462 257 506 hoc
282 463 347 505 sui
379 461 596 518 sanguinis
630 461 851 518 proprium
878 461 931 503 sit
958 473 997 503 et
1025 458 1206 502 familiae
1234 474 1333 503 suae
1363 461 1659 517 ingeneratum

176 550 222 582 ut
245 539 425 594 maiores
450 538 602 580 Amori
631 536 761 594 probe
787 535 977 579 famulati
1003 537 1100 589 sint,
1135 551 1306 579 necesse
1334 549 1395 579 est
1421 549 1467 580 ut
1494 537 1582 595 ipse
1610 535 1659 580 ab

176 616 335 658 Amore
361 615 405 656 in
427 612 557 656 fidem
591 611 915 670 clientelamque
947 612 1243 669 suscipiatur2.
1280 612 1422 655 Tanto
1453 611 1662 670 praesidio

176 690 287 744 freti,
330 691 537 747 patienter
577 701 817 746 exspectant
856 701 1042 731 amantes
1080 705 1088 732 :
1129 704 1227 731 nam
1257 688 1361 732 hora
1389 704 1472 732 una
1500 688 1664 733 labores

178 779 475 811 remuneratur
489 765 554 809 vel
576 765 846 822 longissimos
862 772 891 808 ³.

238 845 353 887 Haec
380 842 585 886 nonnulla
616 842 819 899 principia
845 843 876 884 si
906 843 999 899 quis
1028 843 1173 884 animo
1200 841 1385 885 hauserit
1412 854 1453 885 et
1478 843 1595 900 quasi
1619 843 1663 885 in

180 919 387 963 medullas
414 918 643 971 demiserit,
675 919 816 962 statim
847 919 1074 962 clarescent
1104 932 1167 962 tot
1192 920 1344 963 veteris
1375 935 1552 977 poeseos
1578 919 1664 975 pla-

181 997 277 1039 cita.
299 998 427 1049 Nam,
450 1010 497 1039 ut
514 995 756 1053 exemplum
772 996 940 1038 afferam
957 1011 1108 1050 unum,
1133 995 1247 1039 hisce
1263 994 1414 1039 Adami
1435 997 1478 1038 de
1498 997 1540 1039 la
1554 997 1666 1040 Hale

181 1072 386 1125 versibus,
424 1074 610 1130 primum
650 1071 852 1115 involutis
889 1085 929 1115 et
968 1071 1175 1126 obscuris,
1216 1072 1468 1129 completam
1511 1074 1665 1116 amoris

181 1149 480 1193 definitionem
506 1164 706 1206 agnosces
736 1165 744 1191 :

301 1244 376 1288 On
404 1241 612 1286 demande
641 1254 761 1286 mout
787 1255 966 1286 souvent
997 1257 1004 1285 :
1039 1260 1059 1282 «
1090 1242 1244 1293 Qu’est
1269 1244 1488 1286 Amours?
1517 1260 1537 1283 ))

306 1345 357 1350 ——
381 1321 570 1362 Amours
591 1331 652 1362 est
671 1320 837 1363 volente's
858 1319 1015 1363 durans
1036 1328 1119 1362 tous
1132 1321 1247 1376 jom‘s

303 1397 366 1439 En
388 1411 485 1439 cuer
509 1394 697 1440 d’amant
718 1394 912 1438 d⁷a1nour
933 1395 983 1439 de
1011 1395 1133 1438 dame
1155 1398 1301 1453 espris,

305 1473 424 1515 Dont
441 1473 647 1515 desirriers
667 1484 729 1515 est
752 1471 780 1514 li
805 1471 973 1516 douche
996 1487 1183 1526 savours,

243 1648 272 1672 1.
302 1637 460 1679 Musam,
481 1636 560 1678 VII,
583 1656 629 1661 -—
646 1636 762 1678 Arch„
785 1636 951 1677 XXXIII,
973 1656 1016 1661 —
1031 1636 1245 1670 Wilhelmus
1263 1637 1362 1678 Vena,
1388 1637 1518 1680 Wack,
1533 1649 1593 1684 313
1608 1646 1673 1673 etc.

239 1712 271 1736 2.
475 1701 560 1735 Fine
578 1702 737 1735 Amours
755 1701 879 1735 claime
900 1713 944 1736 en
964 1703 1051 1744 moi,
1073 1713 1133 1747 par
1150 1702 1292 1748 iretage‚

476 1757 578 1791 Droit
599 1765 633 1791 et
653 1758 766 1791 raison
791 1770 796 1791 :
820 1769 876 1791 car
896 1758 975 1792 bien
994 1766 1026 1792 et
1042 1758 1234 1792 loiaurnent

476 1813 579 1847 L'ont
599 1814 708 1847 servie
724 1813 766 1847 de
784 1813 901 1847 Creon
917 1813 969 1847 lor
989 1825 1074 1860 eage

474 1869 514 1903 Li
534 1869 605 1902 bon
626 1870 803 1914 seigneur,
828 1870 887 1915 qui
903 1870 1055 1904 tindrent
1075 1869 1270 1904 loiaument

476 1925 550 1959 Pris
571 1933 603 1959 et
625 1924 748 1958 valour
765 1933 799 1958 et
822 1933 900 1959 tout
921 1926 1232 1972 enseignement...

478 1981 519 2015 Et
537 1980 592 2014 del
613 1980 749 2026 sorplus
766 1992 823 2014 me
841 1989 912 2016 met
933 1992 976 2015 en
995 1993 1031 2015 sa
1050 1982 1188 2016 menaie

477 2037 531 2071 De
550 2047 644 2079 cuer,
661 2036 704 2070 de
721 2048 796 2070 cors
816 2045 849 2070 et
867 2037 1028 2071 d’amour
1046 2045 1079 2072 et
1100 2037 1142 2071 de
1159 2038 1225 2079 vie,

479 2092 571 2127 Com
588 2103 607 2126 a
625 2104 683 2126 ma
703 2092 814 2126 donce
829 2101 862 2127 et
876 2093 988 2127 droite
1009 2093 1198 2138 signourie.

1117 2149 1306 2192 (Matzner‚
1332 2150 1405 2194 14.)

481 2196 566 2230 Bien
587 2196 635 2229 sai
656 2195 698 2229 de
714 2195 789 2229 voir
809 2206 876 2240 que
892 2195 995 2229 faillir
1015 2207 1034 2229 a
1053 2206 1089 2229 sa
1108 2204 1191 2241 gent

475 2251 530 2286 Ne
551 2259 634 2297 puet
651 2251 821 2293 Amours,
845 2251 894 2285 s’a
915 2251 1073 2285 droiture
1090 2263 1135 2286 ne
1152 2260 1264 2287 ment.

1257 2307 1408 2352 (Wack.‚
1433 2319 1455 2354 p
1492 2309 1570 2354 25.)

247 2375 279 2410 3.
618 2363 687 2396 Car
706 2362 729 2395 li
751 2362 849 2396 biens
869 2362 975 2397 d'une
996 2362 1090 2397 seule
1109 2363 1196 2397 hore

615 2419 679 2452 Les
696 2416 785 2451 mals
801 2417 885 2451 d’un
900 2429 944 2451 an
961 2429 1116 2464 rasoage.

245 2476 401 2522 (Leroux
419 2475 460 2509 de
479 2474 603 2521 Lincy,
629 2474 754 2508 Chants
793 2473 993 2519 historiques,
1019 2474 1047 2516 Ι,
1070 2474 1236 2518 XLVIII3
1265 2474 1307 2508 cf.
1345 2474 1462 2520 plures
1487 2475 1690 2511 simillimos

195 2531 293 2567 locos
312 2531 402 2577 apud
422 2531 588 2576 Mdtvzer,
608 2542 641 2576 p.
666 2529 763 2574 116.)
