1851 2949
784 206 987 235 —2-.

201 287 367 329 Etenim
405 287 628 329 materiam
654 285 724 329 ille
760 302 848 330 non
880 286 1074 331 exhausit
1109 288 1183 345 qui
1218 286 1392 344 planum
1426 286 1625 330 manifes-

142 373 319 419 tumque
358 360 458 406 fecit
499 361 843 419 francogallicam
882 363 1046 420 poesim
1089 378 1112 405 a
1149 364 1371 406 Provincia
1413 363 1627 421 originem

142 436 310 480 duxisse
335 448 343 478 ἰ
369 436 719 496 quandoquidem
743 454 838 481 eam
871 453 959 481 non
987 454 1118 482 vanae
1146 437 1316 482 cuidam
1348 439 1526 496 imagini
1559 438 1627 482 vel

142 514 258 556 inani
275 513 503 557 simulacro
517 515 787 571 aequiparare
803 515 955 572 possis,
978 514 1094 572 quod
1107 527 1354 558 extenuatos
1368 515 1626 572 Aquitaniae

147 605 324 647 poeseos
354 589 514 633 colores
556 589 744 647 replicet,
783 589 857 633 sed
896 591 1030 634 vivaci
1075 591 1217 648 potius
1263 591 1502 648 propagini,
1544 605 1628 648 qua

143 666 268 723 stirps
289 666 460 723 antiqua
483 667 526 709 in
552 681 687 710 novos
707 665 815 710 fetus
836 667 1070 710 reviviscat.
1102 666 1176 710 Illa
1211 666 1370 710 scilicet
1395 665 1628 724 pulchritu-

144 739 254 784 dinis
276 741 417 784 forma
450 757 472 784 a
509 741 845 786 Provincialibus
878 743 1067 800 primum
1092 755 1312 800 concepta,
1347 741 1490 785 nobile
1521 740 1627 785 illud

143 815 310 859 dicendi
351 815 607 875 amandique
653 833 786 875 genus
821 834 911 862 non
947 834 994 862 ea
1025 817 1093 862 die
1119 820 1287 862 evanuit
1316 834 1398 877 qua
1431 819 1621 876 Ligerim

144 892 438 937 transvolavit.
463 894 574 948 Imo,
592 909 844 952 generosum
872 907 1095 953 poetarum
1115 907 1373 953 proventum
1395 895 1627 938 etiamtunc

145 970 355 1012 seminare
367 982 546 1027 poterat,
570 983 611 1014 et
630 985 774 1014 revera
800 972 1039 1015 seminavit.

203 1045 267 1088 Illi
295 1058 438 1089 autem
462 1060 610 1103 poetae
632 1059 744 1090 certa
761 1047 1039 1091 similitudine
1067 1048 1178 1091 inter
1212 1064 1256 1091 se
1289 1048 1590 1092 consociantur
1615 1061 1624 1091 :

147 1137 224 1165 nec
252 1122 426 1175 mirum,
456 1137 553 1166 cum
572 1138 622 1166 ex
648 1122 800 1167 iisdem
823 1123 1011 1168 fontibus
1036 1123 1267 1178 hauserint,
1300 1123 1498 1182 idemque
1533 1122 1632 1181 pul-

147 1197 235 1241 chri
263 1197 478 1256 exemplar
496 1200 648 1242 sectati
672 1200 772 1243 sint.
796 1200 927 1258 Atqui
954 1215 1040 1243 non
1062 1199 1328 1244 indiscretius
1348 1201 1456 1242 inter
1478 1215 1522 1243 se
1540 1215 1630 1257 per-

148 1274 378 1317 miscentur
399 1290 544 1332 quam,
574 1276 617 1318 in
643 1275 828 1332 qualibet
854 1276 1042 1333 regione,
1067 1275 1186 1332 lyrici
1208 1277 1331 1318 unius
1353 1274 1630 1333 ejusdemque

149 1351 379 1407 tempori53
409 1366 485 1394 nec
519 1350 680 1394 facilius
707 1351 978 1395 Ronsardum
1005 1367 1027 1394 a
1051 1351 1276 1407 Joachimo
1298 1351 1473 1405 Bellaio‚
1493 1353 1632 1395 Aura—

148 1439 239 1470 tum
261 1442 283 1469 a
302 1427 506 1484 Thyardo
527 1426 786 1471 discerneres
812 1441 819 1467 :
842 1427 968 1471 facies
989 1443 1077 1471 non
1109 1428 1308 1471 omnibus
1330 1427 1511 1481 diversa,
1542 1443 1631 1471 non

149 1519 233 1547 una
251 1516 411 1557 tamen,
442 1503 614 1561 qualem
636 1504 745 1548 solet
771 1520 861 1548 esse
888 1504 1130 1562 aequalium
1155 1517 1392 1562 poetarum.
1424 1504 1631 1548 Commu-

148 1581 219 1622 nia
265 1593 406 1623 autem
466 1580 518 1623 de
574 1583 735 1624 Amore
794 1593 1044 1637 argumenta
1105 1581 1413 1639 unusquisque,
1453 1579 1631 1624 diversis

150 1656 288 1700 modis
310 1658 625 1715 interpretatus,
652 1657 816 1701 diverse
834 1657 1108 1715 amplificavit
1137 1674 1146 1700 :
1178 1673 1279 1701 suus
1307 1659 1459 1715 cuique
1485 1658 1633 1714 singu-

148 1733 246 1775 laris
268 1732 463 1786 habitus,
493 1749 568 1777 sua
604 1735 755 1792 cuique
785 1735 969 1792 genuina
997 1735 1088 1789 vis;
1122 1750 1249 1777 suum
1283 1736 1452 1792 cuique,
1485 1747 1632 1792 suapte

150 1822 298 1853 natura
322 1811 489 1867 vigenS,
507 1811 746 1868 ingenium.

209 1887 355 1936 Quam
400 1898 542 1929 tamen
587 1888 839 1944 opinionem
879 1902 1018 1944 neque
1062 1902 1141 1943 ego
1180 1886 1405 1930 manifesto
1453 1885 1630 1944 probare

149 1977 333 2019 possem,
358 1978 493 2020 neque
520 1976 564 2006 tu
604 1963 828 2006 manifesto
860 1962 1147 2020 redargueres.
1185 1964 1337 2006 Manca
1365 1964 1481 2006 enim
1508 1976 1632 2021 atque

151 2038 349 2081 inchoata
372 2038 423 2081 ad
447 2038 701 2081 hodiernam
729 2038 844 2082 diem
886 2039 1091 2081 remansit
1128 2052 1269 2082 nostra
1306 2052 1500 2083 veterum
1532 2039 1631 2096 lyri-

151 2129 298 2157 corum
316 2116 505 2172 cognitio
531 2132 538 2158 :
570 2130 707 2172 neque
730 2131 777 2157 ea
798 2114 934 2158 multo
957 2130 1086 2172 quam
1108 2131 1186 2158 nos
1209 2114 1335 2158 habes
1357 2116 1540 2158 notiora.

210 2191 360 2247 Ecquis
375 2192 490 2233 enim
504 2204 697 2235 nostrum
709 2204 870 2234 veteres
891 2193 992 2234 istos
1006 2204 1154 2248 poetas
1171 2207 1259 2234 non
1272 2192 1465 2248 ignorat?
1480 2190 1631 2242 Quid?

149 2282 247 2310 cum
290 2267 374 2309 duo
414 2267 545 2309 millia
578 2282 748 2310 centum
786 2280 826 2310 et
866 2268 1037 2324 triginta
1082 2280 1274 2324 poemata
1317 2268 1439 2310 nobis
1481 2266 1632 2310 tradita

151 2342 319 2394 fuerint,
346 2358 366 2384 e
388 2342 538 2400 quibus
562 2344 628 2385 vix
650 2343 765 2385 mille
793 2343 929 2386 adhuc
944 2344 1027 2385 sint
1050 2344 1160 2386 edita
1179 2351 1208 2386 ¹.
1228 2344 1328 2393 Quo
1350 2357 1489 2386 autem
1510 2356 1632 2401 pacto

148 2419 397 2476 plerumque
437 2418 576 2462 edita?
624 2420 719 2462 Sive
759 2418 886 2476 apud,
928 2419 1182 2472 Germanos,
1223 2420 1363 2462 servili
1411 2432 1452 2463 et
1485 2419 1632 2463 odiosa

200 2540 229 2563 1.
259 2529 329 2563 Tot
361 2530 513 2563 carmina
548 2530 720 2564 recensuit
756 2529 800 2564 G.
833 2530 1017 2576 Raynaud,
1048 2530 1282 2576 Biblsographie
1323 2530 1375 2564 des
1406 2529 1634 2565 chansonniers

151 2585 307 2629 franfais.
