1810 2903
797 171 853 177 -
886 148 935 190 81
977 171 1029 176 -

167 238 393 292 incertum,
440 240 700 296 suspiciones
737 240 867 282 textui
899 238 1103 295 subjicere
1136 239 1298 282 cautius
1334 254 1379 282 ac
1415 237 1649 282 modestius

169 313 287 358 duxL

227 391 340 444 Imo,
367 403 548 448 quatuor
571 392 777 448 poematis
807 389 973 434 duobus
998 407 1099 434 mss.
1127 391 1298 434 servatis
1324 390 1419 447 (ΙΙΙ,
1449 391 1524 443 VI,
1551 391 1646 443 VII,

167 466 305 522 VIII),
332 465 770 510 animadversionibus
803 465 1020 509 nnonullis
1046 466 1154 509 infra
1184 465 1391 510 declaravi
1421 478 1565 509 utrum
1602 481 1650 508 ex

168 541 316 585 eadem
341 540 500 585 familia
527 541 689 585 codices
711 541 887 599 profecti
905 557 995 585 esse
1015 541 1261 586 viderentur
1279 558 1428 585 necne.

228 620 439 676 Denique,
464 635 560 662 cum
584 620 768 662 carmina
788 620 821 671 Ι,
851 619 907 671 Χ,
931 619 1028 671 XII,
1052 618 1243 676 pluribus
1276 634 1378 662 mss.
1411 618 1534 662 nobis
1566 619 1652 661 sint

169 694 339 748 tradita,
385 695 710 738 monstrandum
757 711 839 752 qua
877 694 1146 751 inseparabili
1180 696 1445 738 connexione
1485 693 1651 737 codices

169 770 276 814 inter
300 786 344 814 se
361 772 687 828 conjungantur.
1207 776 1211 780 ”

520 864 553 906 Ι.
595 863 632 906 V
630 864 705 907 ole's
728 869 788 907 οἷν
808 880 914 907 muse
935 865 1067 907 Muset
1081 865 1153 907 Ρ...

225 956 333 1000 Tres
351 956 517 1000 codices
539 956 627 1014 (Pa,
664 957 757 1010 Pb4,
784 956 913 1014 Pb17)
937 973 988 1000 ex
1016 973 1103 1001 uno
1131 957 1247 1000 fonte
1276 958 1425 1001 exiisse
1457 974 1478 1001 e
1505 958 1648 1002 subse-

167 1031 395 1090 quentibus
421 1032 859 1077 animadversionibus
886 1034 1133 1091 perspicies,

232 1107 276 1166 1)
308 1109 491 1162 Etenim,
522 1109 709 1166 primum
745 1110 906 1167 primae
937 1109 1136 1167 strophae
1168 1125 1338 1153 versum
1366 1112 1423 1153 sic
1463 1126 1486 1153 a
1523 1112 1651 1154 trium

167 1183 362 1228 codicum
380 1183 523 1228 scribis
545 1198 762 1229 exaratum

522 1277 652 1321 Voles
672 1284 735 1322 oi'r
756 1277 794 1320 la
817 1293 939 1321 muse
965 1279 1107 1321 Muset

167 1385 265 1412 cum
291 1371 430 1427 primo
463 1383 700 1415 ceterarum
731 1371 1003 1428 stropharum
1040 1387 1163 1416 versu
1197 1372 1442 1427 conferenti,
1482 1386 1654 1431 apparet

165 1460 335 1489 versum
353 1459 465 1499 octo,
495 1462 584 1489 non
604 1462 776 1500 novem,
801 1446 980 1504 syllabas
1002 1446 1230 1491 habentem
1253 1463 1276 1490 a
1301 1462 1424 1506 poeta
1449 1451 1652 1507 scriptum

167 1521 312 1565 fuisse.

226 1596 275 1655 2)
308 1598 496 1641 Exeunte
516 1598 650 1656 prima
676 1598 851 1656 stropha
869 1598 933 1657 (v.
965 1599 1054 1657 15),
1078 1599 1233 1658 aliquid
1255 1601 1299 1644 in
1320 1601 1518 1645 omnibus
1538 1600 1651 1645 codi-

167 1674 283 1718 cibus
325 1672 600 1726 desideratur,
645 1687 690 1718 ut
733 1688 971 1736 ceterarum
1017 1677 1286 1733 stropharum
1328 1676 1650 1735 dispositionem

167 1751 426 1807 comparanti
452 1749 610 1807 patebit
638 1767 646 1793 :

316 1843 519 1886 STROPHA
551 1843 584 1887 I.
1182 1846 1383 1890 STROPHA
1416 1848 1465 1890 II.

168 1919 293 1962 Lectio
317 1919 490 1962 codicum
516 1919 700 1962 lacunosa
732 1937 739 1962 ;
1071 1922 1198 1965 Lectio
1222 1923 1396 1966 codicum
1415 1933 1519 1981 pura
1551 1942 1558 1967 :

233 1995 376 2045 ...Qui
397 2011 465 2038 me
488 1995 626 2053 rapele
658 2011 666 2040 :
1082 1997 1211 2040 ...Ele
1229 2011 1274 2041 ot
1292 2000 1446 2056 gonele

228 2071 339 2113 Vien
365 2086 410 2124 ca
418 2103 664 2114 .............
1024 2073 1088 2115 De
1110 2072 1210 2130 drap
1230 2073 1282 2116 de
1308 2074 1504 2119 Chastele

348 2146 390 2189 Si
406 2161 475 2188 me
496 2146 601 2188 viele
1077 2149 1165 2198 Qui
1185 2151 1427 2204 restencele,

229 2221 294 2264 Ta
319 2237 455 2274 muse,
478 2237 531 2264 en
555 2222 750 2266 chantant
1023 2225 1143 2268 Dous
1173 2226 1312 2269 Deus!
1347 2228 1384 2283 je
1416 2227 1533 2271 l’aim
1564 2241 1652 2272 tant

229 2298 343 2340 Tant
357 2298 684 2355 mignotement.
1025 2300 1095 2343 Du
1123 2316 1222 2344 cuer
1240 2302 1495 2347 loiaument!

234 2389 281 2447 3)
308 2391 428 2434 Alius
446 2404 587 2434 autem
608 2390 726 2435 locus
752 2391 865 2435 hisce
892 2393 1021 2435 trium
1049 2393 1248 2438 codicum
1272 2399 1471 2439 monstris
1498 2395 1655 2440 distor-

173 2479 239 2509 tus
266 2479 329 2510 est
351 2465 413 2523 (v.
443 2465 568 2524 24-5)
601 2484 609 2509 :

232 2543 289 2584 Pa
312 2557 320 2586 :
342 2542 418 2597 J’ai
446 2543 527 2585 mis
544 2558 646 2586 mon
670 2558 769 2586 cuer
795 2559 846 2586 en
865 2545 899 2586 si
927 2543 1010 2587 bon
1039 2560 1137 2588 cuer
1157 2570 1214 2578 —
1241 2547 1384 2604 Espris
1411 2547 1651 2593 d'amors...

1534 2623 1549 2646 6
