1810 2903
83 241 283 293 diximus,
314 254 550 298 poetarum,
582 240 878 296 unusquisque
903 254 945 281 se
970 238 1143 280 Amoris
1165 245 1361 279 servum¹
1379 235 1573 294 ¹profiteri

86 318 207 370 solet,
229 318 301 376 qui
319 317 471 360 Amori
484 331 621 373 neque
642 313 871 372 prudenter
888 315 1212 372 nequeinsane²
1233 313 1440 357 obsistere
1458 312 1574 356 velit.

88 396 136 438 In
153 393 315 437 diversa
333 394 480 436 transit
498 393 640 443 Cono,
661 392 815 448 quippe
842 392 930 448 qui,
956 403 1182 448 postquam
1203 405 1377 447 operam
1406 390 1576 440 Amori,

91 484 138 514 ut
158 486 302 514 servus
328 469 481 521 bonus,
512 469 694 520 navavit,
727 483 825 510 eum
848 483 963 510 nunc
983 466 1236 509 insidiosum
1268 466 1463 518 declaret,
1490 467 1580 508 imo

91 548 134 590 in
160 546 366 604 praelium
391 557 516 589 vocet
541 543 646 602 (VI)
677 561 685 587 :

564 642 766 691 Amours‚
791 638 842 682 de
863 638 1017 681 felonie

565 717 654 759 Vos
682 717 830 760 vourai
857 730 1055 772 esprover
1083 731 1091 757 :

568 793 681 836 Tolu
709 792 867 836 m’aves
892 791 931 834 la
955 792 1038 845 vie,

569 869 619 912 Et
640 882 754 912 mort
775 884 870 912 sans
895 867 1044 912 desfier
1063 868 1131 910 !...

157 965 393 1017 Praeterea,
417 963 662 1007 conculcare
683 977 724 1007 et
751 977 962 1021 proterere
992 961 1156 1006 videtur
1179 975 1399 1020 praecepta
1427 974 1587 1004 amato-

97 1042 181 1084 riae
202 1042 316 1093 artis,
344 1057 442 1084 cum
469 1040 708 1093 dominam,
735 1056 822 1083 non
849 1041 1015 1091 sirenis,
1040 1052 1087 1082 ut
1113 1039 1307 1097 aequales
1329 1039 1483 1091 solent,
1509 1054 1586 1082 nec

98 1117 240 1161 stellae
269 1119 501 1161 matutinae
524 1130 755 1175 comparat,
781 1132 933 1160 verum
958 1116 1080 1173 lupae
1104 1133 1123 1155 «
1148 1131 1269 1174 quae,
1300 1117 1411 1158 inter
1437 1131 1589 1158 omnes

97 1194 226 1237 silvae
253 1194 393 1251 lupos,
424 1195 661 1252 pessimum
687 1194 803 1251 eligit
834 1210 882 1245 »;
914 1206 985 1237 aut
1011 1208 1124 1245 cum,
1155 1192 1244 1235 dira
1277 1207 1370 1234 eam
1400 1205 1440 1235 et
1467 1192 1591 1249 plena

101 1271 258 1314 doloris
279 1272 567 1314 exsecratione
589 1283 853 1328 prosecutuS,
879 1269 1089 1313 exclamat
1113 1286 1121 1312 :
1152 1285 1172 1309 «
1197 1267 1452 1312 Praeduram
1474 1270 1590 1326 equi-

101 1347 199 1390 dem
240 1360 409 1401 terram,
450 1360 638 1390 arentem
676 1359 717 1390 et
757 1348 988 1400 sitientem,
1025 1347 1189 1390 exercui
1228 1363 1236 1388 z
1276 1345 1387 1389 unde
1427 1344 1588 1389 nullum

102 1423 285 1468 fructum
315 1440 500 1482 carpam,
531 1424 699 1468 nullum
718 1423 888 1476 folium,
912 1423 1066 1467 florem
1093 1422 1257 1467 nullum
1286 1440 1305 1461 »
1330 1421 1450 1480 (VI).
1472 1422 1592 1472 Quin

105 1502 250 1554 etiam,
287 1502 328 1543 in
361 1516 454 1544 eam
488 1500 726 1558 petulanter
755 1512 796 1543 et
830 1499 1140 1544 contumeliose
1171 1499 1405 1552 invehitur,
1441 1498 1594 1556 probra

106 1579 259 1635 ingerit
290 1595 297 1620 :

491 1673 644 1715 Fausse
665 1686 789 1725 estes,
814 1673 908 1715 voir
935 1671 1026 1729 plus
1054 1673 1106 1715 ke
1132 1673 1216 1730 pie,

698 1750 763 1792 Ne
792 1750 898 1791 mais
921 1764 1027 1806 pour
1048 1765 1153 1792 vous

494 1825 686 1869 N’averai
709 1841 797 1868 mes
821 1827 910 1868 ieus
931 1825 1159 1883 plorousw
1185 1824 1310 1882 (Vll)

110 1922 259 1978 Legas,
283 1922 317 1964 si
336 1920 451 1973 libet,
474 1921 719 1964 cantionem
740 1936 849 1978 quae
868 1921 928 1963 sic
950 1921 1097 1977 incipit
1121 1918 1228 1977 (IX)

405 2013 620 2058 L’autr'ier
642 2030 699 2056 un
717 2015 782 2070 jor
802 2016 921 2071 apres
942 2013 980 2056 la
1000 2014 1357 2057 Saint—Denise...

114 2111 158 2153 in
180 2125 260 2168 qua
280 2109 506 2166 opprobria
527 2122 735 2162 recantat3
756 2108 822 2151 vel
842 2110 982 2165 potius
1004 2123 1175 2151 carmen
1202 2109 1244 2151 X
1268 2125 1276 2151 :

410 2204 489 2246 Par
510 2203 628 2246 Deu!
660 2205 812 2255 Datne,
843 2203 910 2259 j’ai
933 2202 1030 2246 bien
1052 2209 1094 2245 o'1'
1117 2203 1251 2259 parler

408 2280 474 2323 De
495 2296 549 2323 vo
572 2279 725 2332 biaute,
750 2281 854 2322 mais
876 2279 953 2322 che
974 2278 1083 2323 n’est
1103 2295 1175 2322 ore
1197 2281 1307 2333 mie,

415 2357 465 2399 Et
490 2355 541 2399 de
561 2357 693 2399 Troie
720 2357 876 2412 rai-jou
903 2362 946 2399 οῖ
972 2369 1119 2399 conter

176 2531 203 2554 1.
235 2535 250 2551 κ
277 2520 432 2554 Homme
453 2518 521 2565 lige
541 2519 750 2554 d'Amors...
774 2533 789 2550 »

175 2587 206 2610 2.
239 2591 255 2607 ιι
283 2576 335 2609 Ne
356 2575 439 2609 faire
456 2584 576 2609 contre
596 2575 727 2609 Amors
747 2586 791 2609 ne
812 2586 873 2609 sen
894 2586 938 2609 ne
955 2573 1048 2609 solie.
1071 2590 1088 2607 »
