1851 2949
255 322 373 373 Quid
397 321 495 365 inde
518 322 798 380 collegimus?
822 324 957 380 Prope
983 323 1129 366 eadem
1151 338 1258 380 quae
1285 323 1349 367 vir
1369 321 1680 365 eruditissimus

195 400 242 443 P.
273 400 389 442 Paris
417 399 598 455 conjecit
627 415 635 441 ε
666 399 821 442 scilicet
844 411 1013 456 poetam
1042 411 1236 443 nostrum
1259 400 1485 456 incipiente
1511 396 1680 442 saeculo

194 476 317 519 tertio
354 474 518 518 decimo
551 476 595 517 in
630 474 904 532 Lotharingia
943 488 984 519 et
1016 476 1247 533 Campania
1283 475 1500 528 floruisse3
1537 487 1680 518 utrum

197 553 305 595 circa
329 567 365 594 a.
397 552 689 595 MCLXXXV
720 550 964 595 adolescens
992 568 1044 595 an
1073 553 1179 595 circa
1209 568 1245 595 a.
1275 551 1528 596 MCCXXX
1554 566 1683 594 senex

198 644 370 672 carmen
391 626 665 671 Vademontii
685 628 834 670 comiti
858 627 1072 682 dicaverit,
1099 644 1252 685 anceps
1275 641 1315 671 et
1338 629 1561 672 incertum.

257 704 390 755 Quod
406 716 548 748 autem
562 720 698 762 genus
715 705 825 748 vitae
849 703 1065 762 degendae
1087 704 1165 747 sibi
1186 705 1469 757 constituerit,
1492 719 1515 747 e
1534 719 1686 747 venus-

197 782 250 824 tis
277 781 442 825 Nicolai
473 780 690 824 versibusI
718 782 815 824 satis
848 781 1138 838 perspicuum.
1173 781 1285 824 Nam
1316 797 1335 820 «
1364 779 1633 823 ministerelli
1662 796 1682 820 »

199 869 333 900 artem
354 859 555 911 exercuit,
577 858 674 914 vagi
691 855 880 914 quidem,
902 872 978 899 nec
997 857 1068 900 ulli
1085 870 1264 915 patrono
1283 869 1521 900 constanter
1537 854 1684 909 additi,

203 948 290 976 non
329 932 510 976 famelici
547 946 688 975 tamen
731 948 808 975 nec
851 934 1047 990 pannosi.
1093 934 1317 977 Enimvero
1356 932 1539 976 scurrilis
1579 933 1687 976 vitae

203 1010 393 1053 miserias
420 1025 508 1052 non
529 1011 708 1052 omnino
736 1010 882 1065 effugit
907 1026 914 1052 :
942 1022 1135 1066 expertus
1162 1022 1224 1053 est
1250 1009 1419 1053 illustris
1446 1009 1515 1053 ille
1544 1025 1565 1049 «
1598 1010 1688 1052 Pri-

200 1087 385 1129 vinensis
421 1099 461 1129 et
496 1087 778 1129 Tricassensis
816 1085 1072 1130 Academiae
1113 1086 1268 1130 sodalis
1310 1103 1349 1140 ³),
1396 1099 1590 1144 expertus
1629 1098 1691 1129 est

200 1164 378 1220 popinas
408 1162 560 1220 quibus
593 1163 761 1206 tesseris
795 1162 958 1206 assidue
991 1161 1169 1216 luditur,
1208 1176 1248 1206 et
1281 1162 1565 1206 tabernarium
1599 1163 1688 1220 qui,

207 1239 332 1296 pallio
361 1240 528 1296 pignori
558 1254 754 1297 accepto,
786 1238 889 1282 nihil
913 1238 1062 1283 credit.
1090 1240 1192 1283 Non
1216 1252 1360 1283 tamen
1392 1238 1496 1282 adeo
1524 1240 1652 1282 miser
1680 1255 1689 1282 ε

208 1331 340 1373 equus
369 1328 456 1359 erat
481 1315 662 1360 Nicolao
693 1328 839 1359 nostro
865 1317 1076 1373 proprius,
1110 1332 1196 1374 quo
1223 1329 1365 1360 vectus
1396 1333 1415 1356 «
1448 1315 1616 1360 tolutim
1643 1314 1694 1359 ad

208 1391 343 1434 malos
375 1404 576 1449 patronos
609 1393 686 1436 iret
719 1409 767 1445 »;
803 1406 919 1436 erant
951 1393 1107 1450 proprii
1139 1392 1259 1447 lares,
1298 1405 1386 1436 erat
1418 1392 1535 1436 domi
1569 1407 1690 1445 uxor,

207 1483 332 1526 quae,
369 1467 472 1511 dum
509 1468 775 1526 exspectabat
808 1470 1050 1526 conjugem,
1089 1482 1215 1522 caste,
1255 1481 1301 1512 ut
1335 1481 1446 1512 casta
1480 1469 1690 1522 Lucretia,

206 1544 347 1588 fusum
369 1544 580 1598 versabat3
604 1558 723 1589 erant
744 1544 928 1589 famulus
949 1558 989 1589 et
1011 1545 1181 1600 famula,
1205 1546 1416 1604 crassique
1443 1561 1625 1603 capones
1649 1547 1693 1589 in

207 1620 390 1665 verubus
413 1620 638 1679 coquendi.

260 1778 289 1802 1.
314 1768 391 1802 Hoc
410 1767 532 1803 confer
550 1779 690 1815 poema,
709 1768 804 1814 quod
827 1768 874 1803 sic
891 1768 1009 1814 incipit
1034 1779 1041 1801 :

660 1838 675 1857 «
703 1824 777 1858 Sire
795 1834 918 1867 cuenS,
938 1823 993 1870 j'ai
1010 1824 1096 1858 viele'

659 1881 798 1915 Devant
815 1892 890 1923 vos,
911 1891 955 1915 en
974 1889 1089 1915 vostre
1109 1880 1227 1914 oste...
1251 1893 1268 1912 »
