1810 2903
749 164 1010 193 —122—

467 243 519 286 Et
544 241 680 286 diable
708 258 760 286 en
786 255 862 286 ont
889 242 927 286 la
953 243 1036 300 pel,

465 319 570 362 Cors
592 331 633 362 et
653 334 762 369 ame,
787 334 880 362 sans
902 332 1033 362 retor.

470 395 554 437 Por
579 410 626 438 ce
651 394 764 439 vueil
788 396 826 452 je
852 410 958 438 mon
985 394 1149 438 mantel

467 469 715 527 Despendre
736 482 820 514 tost
839 483 880 513 et
903 470 1011 514 isnel

142 556 191 598 45
465 546 527 590 En
553 545 664 589 bone
686 546 784 599 vile,
815 562 838 589 a
863 548 987 602 sejor.

466 621 771 676 Triboudaine,
799 621 1034 666 triboudel!

467 697 571 748 Qu’i
591 710 691 741 vaut
711 699 848 742 avoirs
869 713 921 742 en
940 697 1072 742 fardel

466 773 567 816 S'on
589 773 658 817 nel
679 772 855 831 despent
877 789 900 816 a
924 772 1094 817 honor?

875 858 895 879 *

854 893 914 916 **

469 944 616 995 Quant
637 945 675 1001 je
696 943 736 987 la
755 943 871 1002 tieng
889 943 927 987 el
948 943 1064 1001 prael

146 1029 198 1073 50
467 1020 553 1063 Tot
572 1033 694 1064 entor
715 1019 802 1063 clos
823 1018 1094 1072 d'arbrissels,

467 1096 529 1138 En
555 1097 658 1150 εεῖὲ,
688 1111 710 1138 a
735 1095 775 1139 la
794 1095 960 1150 verdor,

466 1172 515 1215 Et
543 1171 611 1228 j’ai
636 1173 725 1215 oies
752 1184 792 1215 et
818 1172 950 1229 gastel

467 1248 647 1303 Poqons,
673 1260 799 1292 tartes
825 1260 866 1291 et
891 1248 1052 1306 poroel,

466 1323 574 1367 Buef
594 1339 616 1366 a
641 1323 679 1366 la
705 1322 832 1368 verde
859 1339 996 1377 savor,

144 1411 193 1454 55
467 1400 516 1442 Et
539 1400 606 1456 j'ai
633 1399 672 1442 le
697 1400 770 1443 vin
797 1415 850 1442 en
877 1400 993 1442 tonel

463 1475 578 1518 Froit
604 1488 645 1518 et
669 1474 752 1519 fort
778 1488 820 1519 et
847 1474 1026 1518 friandel

188 1620 232 1654 V.
249 1630 307 1663 41,
329 1628 361 1654 et
381 1620 531 1655 diauble.
547 1621 646 1655 —-V.
669 1629 727 1663 42,
747 1621 838 1655 aime
861 1632 941 1655 sens
966 1629 1069 1655 retor.
1093 1641 1134 1646 —
1155 1622 1198 1656 V.
1214 1630 1272 1666 43,
1295 1633 1358 1667 por
1379 1632 1440 1656 ceu
1459 1622 1539 1656 ueul
1556 1622 1627 1656 ieu.

145 1696 188 1702 —-
208 1676 252 1709 V.
275 1685 333 1718 44,
356 1676 546 1721 despandre
563 1685 633 1711 tost
656 1685 690 1710 et
710 1676 792 1710 inel.
815 1697 858 1701 —
882 1677 926 1711 V.
950 1686 1008 1719 45,
1035 1676 1117 1711 uille
1138 1677 1261 1711 aseior.
1287 1698 1330 1701 —
1352 1678 1395 1711 V.
1419 1677 1476 1719 46,
1495 1678 1629 1711 tribou-

145 1730 284 1766 dainne.
306 1752 348 1756 —
370 1732 414 1765 V.
437 1742 496 1776 47,
522 1732 555 1765 ki
578 1731 663 1766 ualt.
686 1753 729 1757 —
754 1732 798 1765 V.
822 1742 880 1778 49,
901 1743 947 1766 ou
974 1732 1092 1778 praiel.
1119 1753 1164 1758 —
1189 1733 1233 1766 V.
1262 1741 1316 1774 50,
1337 1740 1414 1766 tout
1443 1741 1542 1767 entor
1559 1732 1631 1767 clos

145 1786 347 1820 draibexels.
372 1807 415 1811 —
435 1787 479 1821 V.
506 1796 560 1828 51,
580 1798 624 1821 en
646 1788 745 1822 esteit
762 1787 815 1821 ala
836 1787 1002 1822 uerdour.
1026 1808 1071 1812 —
1094 1788 1139 1822 V.
1163 1798 1218 1832 52,
1237 1796 1269 1821 et
1289 1787 1424 1833 gaistel.
1448 1809 1491 1813 —
1505 1788 1549 1822 V.
1574 1797 1627 1834 53,

145 1852 306 1888 pouxons
324 1843 451 1877 tairtes.
477 1863 520 1867 -—
546 1842 591 1876 V.
620 1851 673 1886 55,
698 1843 759 1877 lou
781 1843 855 1877 uin.

191 1997 234 2002 —
252 1976 296 2010 V.
322 1975 373 2020 56.
393 1977 436 2011 Le
454 1978 658 2022 vin...f1·0it
682 1978 795 2023 etfort
812 1977 1012 2023 etsm'andel.
1038 1976 1094 2012 Cf.
1114 1977 1201 2011 Paul
1220 1977 1352 2023 Meyer,
1372 1977 1544 2020 Romania,
1566 1978 1628 2020 XI,

147 2049 224 2086 572.
249 2041 343 2076 Haec
363 2041 522 2086 exempla
541 2041 666 2076 addere
687 2041 765 2075 licet
787 2053 793 2075 :

474 2106 517 2140 Et
534 2106 658 2151 j‘fflsse
675 2106 735 2140 vin
752 2105 821 2139 fort
842 2114 874 2140 et
897 2105 1072 2147 fremant,

472 2162 596 2207 Hanap
621 2162 718 2203 dore'‚
740 2161 822 2196 char
842 2169 875 2195 et
895 2169 998 2195 tartre
1017 2169 1051 2195 et
1071 2161 1227 2206 poisson,

473 2217 515 2251 Et
537 2217 682 2251 blanche
707 2228 797 2262 nape
819 2226 853 2251 et
874 2216 983 2263 gastel
1005 2216 1047 2250 de
1064 2216 1229 2257 frement,

473 2272 526 2306 En
544 2271 623 2306 froit
641 2272 742 2306 celier
759 2271 948 2306 renfreschi
970 2272 1011 2306 de
1028 2271 1097 2305 fres
1114 2272 1204 2317 jons,

474 2328 516 2362 Et
537 2327 665 2362 §Qusse
689 2329 773 2373 jone
792 2335 945 2374 garcette
963 2335 995 2361 et
1015 2327 1137 2361 tendre
1152 2327 1205 2360 !...

695 2383 878 2429 (Jeanroy,
896 2382 932 2416 de
950 2382 1147 2416 nostratibus
1167 2381 1265 2415 medii
1281 2383 1353 2416 aevi
1365 2383 1477 2428 poetis,
1499 2394 1533 2428 p.
1553 2383 1630 2428 91.)

471 2446 539 2481 Car
558 2448 640 2481 c'est
657 2458 705 2480 un
726 2447 804 2481 vins
824 2447 922 2488 ders,
945 2446 1123 2487 fremians,

473 2502 570 2545 Fors,
594 2503 674 2545 fms,
696 2502 776 2544 fres,
796 2514 856 2536 sur
872 2501 1000 2547 langue
1018 2500 1166 2536 frians...

690 2556 1134 2604 (Montaiglon-Raynaud,
1154 2556 1247 2594 Fahl.
1267 2557 1326 2599 ΙΙΙ,
1351 2565 1408 2602 73,
1427 2567 1461 2602 p.
1484 2557 1582 2601 146.)
