1810 2903
752 242 809 249 .-.
841 231 895 274 47
929 241 985 248 -.

513 313 669 358 Contre
689 313 728 356 le
750 312 861 357 douc
882 325 974 356 tans
995 312 1046 356 de
1064 312 1146 355 mai

511 390 564 432 Se
585 388 674 433 doit
694 389 901 432 chascuns
924 390 1064 445 esjo'i'r‚

510 465 618 508 Mais
644 466 731 522 jou,
755 465 827 522 qui
853 479 953 508 cuer
973 466 1010 507 ai
1036 464 1160 518 entir,

511 541 573 584 En
600 540 712 598 plein
739 541 828 584 iver
853 540 1066 583 chanterai
1090 556 1099 582 ε

510 615 667 660 Pleuve
693 628 735 660 et
760 616 855 660 noif
868 617 977 660 aussi
1005 615 1096 659 kier
1115 616 1153 658 ai

511 692 607 736 Con
634 692 762 735 chans
788 691 986 736 d’oisiaus
1014 707 1036 734 a
1058 697 1167 734 0'1‘r¹.

187 785 304 836 Quid
338 797 429 829 tum
456 784 583 829 inde?
610 787 811 830 Facetum
839 785 1013 844 quidem
1047 797 1086 828 et
1120 783 1278 828 bellum
1311 796 1612 841 argumentum

129 861 197 905 ille
218 863 379 906 invenit
399 863 471 920 qui
490 863 533 905 in
549 861 804 920 pullulantes
823 861 931 919 apud
954 860 1147 919 aequales
1161 873 1306 918 poetas
1323 872 1612 918 scatentesque

127 939 235 982 veris
255 937 557 996 descriptiones
581 939 775 996 princeps
796 940 988 981 invectus
1016 949 1094 981 est.
1118 938 1173 980 At
1194 938 1238 980 in
1266 936 1409 980 medio
1434 952 1538 981 aevo
1564 952 1612 979 ea

128 1016 259 1058 inerat
280 1013 451 1057 cuilibet
476 1015 710 1057 sententiae
732 1014 798 1057 vel
822 1014 993 1058 cuilibet
1018 1014 1160 1057 sensui
1185 1012 1431 1071 gemmandi
1456 1014 1534 1065 vis,
1565 1028 1612 1056 ea

129 1091 495 1147 regerminationis
534 1103 574 1133 et
606 1091 866 1147 repetitionis
898 1089 1070 1134 facultas
1096 1102 1141 1133 ut
1170 1088 1273 1132 haec
1302 1090 1390 1147 ipsa
1419 1090 1461 1132 in
1495 1088 1612 1132 locos

128 1182 379 1209 communes
407 1166 633 1225 opprobria
653 1166 735 1210 loci
756 1181 1007 1210 communes
1028 1166 1218 1208 vicissim
1244 1165 1348 1208 facta
1369 1165 1465 1208 sint.

188 1244 336 1301 Neque
370 1242 556 1287 diffiteor
594 1243 754 1287 cantica
798 1242 885 1296 illa,
934 1254 982 1286 ut
1022 1257 1172 1299 parum
1210 1257 1336 1295 nova,
1378 1242 1434 1284 ita
1471 1254 1612 1285 tamen

128 1331 304 1362 venusta
332 1334 421 1362 esse
449 1332 487 1362 et
508 1318 661 1376 lepida.
690 1317 772 1362 Sed
794 1320 837 1361 in
863 1319 912 1361 iis
934 1334 998 1361 ars
1021 1317 1369 1375 deprehenditur,
1393 1330 1433 1360 et
1454 1332 1501 1360 ea
1522 1317 1612 1375 qui-

130 1394 227 1438 dem
244 1394 370 1452 paulo
392 1394 677 1452 injucundior,
702 1396 798 1452 quia
822 1395 864 1438 in
887 1407 1031 1452 aperto
1047 1393 1169 1437 nobis
1184 1406 1247 1436 est
1260 1395 1480 1437 Musetum
1501 1408 1611 1436 mer-

127 1470 228 1514 cede
249 1471 479 1528 scripsisse.
498 1472 612 1516 Nam
632 1486 732 1514 cum
758 1472 851 1529 quis
873 1470 967 1514 loco
990 1469 1141 1514 illustri
1163 1482 1296 1522 ortus,
1321 1470 1408 1512 sive
1430 1468 1609 1513 Carolus

129 1563 198 1590 rex
226 1547 408 1601 Siciliae,
438 1549 523 1591 sive
557 1549 705 1591 Petrus
736 1564 755 1587 «
786 1546 920 1591 malus
949 1546 1138 1590 Clericus
1173 1563 1213 1600 »,
1243 1544 1328 1589 dux
1354 1546 1605 1599 Britanniae,

128 1639 272 1668 versus
298 1624 411 1678 facit,
448 1624 614 1667 etiamsi
646 1624 779 1667 nimia
811 1624 855 1667 in
887 1624 936 1667 iis
969 1621 1205 1666 similitudo
1233 1621 1419 1666 taedium
1446 1621 1606 1675 afferat,

129 1713 286 1754 tamen,
309 1700 406 1758 quia
426 1715 524 1744 vero
545 1701 681 1743 amori
701 1699 841 1743 forsan
863 1711 1075 1752 resonant,
1099 1698 1361 1756 voluptatem
1382 1697 1611 1755 quamdam

128 1775 227 1820 inde
247 1777 453 1835 capimus.
479 1777 597 1820 Licet
617 1778 731 1819 enim
752 1775 809 1829 id,
835 1775 950 1834 quod
971 1774 1146 1819 fortasse
1168 1790 1211 1818 re
1232 1789 1328 1819 vera
1345 1773 1440 1827 fuit,
1466 1775 1612 1817 animo

129 1853 338 1911 fingamus
364 1865 405 1896 et
434 1865 532 1896 ante
563 1852 711 1897 oculos
740 1868 1045 1910 proponamus.
1082 1850 1162 1895 Sed
1188 1850 1289 1909 quid
1315 1849 1395 1894 sibi
1420 1850 1511 1894 vult
1536 1851 1612 1894 iste

129 1930 356 1973 miserrimi
393 1929 628 1988 joculatoris
665 1930 709 1972 in
740 1929 962 1972 mulierem
993 1927 1182 1971 nobilem
1212 1928 1363 1970 amor?
1403 1926 1506 1984 quid
1535 1927 1614 1969 ista

129 2004 374 2062 jusjurando
406 2005 609 2050 obstricta
642 2004 778 2048 fides?
815 2004 934 2050 Nihil
966 2003 1078 2047 aliud
1114 2005 1192 2047 ista
1226 2019 1316 2047 esse
1348 2002 1613 2046 manifestius

130 2093 259 2139 patet,
289 2097 416 2140 quam
441 2081 568 2125 verba
594 2093 636 2125 et
661 2097 801 2126 voces.

853 2262 891 2305 II

190 2428 245 2469 Ea
276 2427 402 2484 igitur
429 2439 541 2479 sunt,
573 2442 695 2483 quae,
732 2440 978 2484 quanquam
1012 2436 1202 2476 venusta,
1233 2424 1267 2466 si
1293 2422 1496 2468 Nicolaus
1526 2422 1616 2466 sola

129 2502 318 2547 versibus
348 2501 605 2553 mandasset,
645 2518 754 2545 unus
787 2518 808 2544 e
837 2500 957 2545 turba
987 2501 1253 2543 imitatorum
1283 2511 1408 2542 esset.
1441 2500 1497 2542 Ea
1526 2499 1616 2556 ipsa

182 2643 211 2666 1.
239 2632 406 2675 Mc'itzner,
444 2643 478 2677 p.
516 2640 574 2673 42.
611 2629 666 2665 Cf.
700 2629 749 2663 H.
784 2629 839 2670 L.,
875 2628 962 2673 6433
998 2627 1116 2670 Arda„
1150 2626 1276 2670 XLIII,
1310 2626 1369 2670 CI,
1402 2625 1612 2668 CLXXVII,

130 2687 394 2730 CCCXXXIII,
416 2686 552 2729 CCCL,
572 2684 766 2727 CDXLIX,
785 2683 996 2726 CDLXXX,
1014 2690 1083 2717 etc.
