<?xml version="1.0" encoding="UTF-8"?>
<!DOCTYPE html PUBLIC "-//W3C//DTD XHTML 1.0 Transitional//EN"
    "http://www.w3.org/TR/xhtml1/DTD/xhtml1-transitional.dtd">
<html xmlns="http://www.w3.org/1999/xhtml" xml:lang="en" lang="en">
 <head>
  <title>
</title>
<meta http-equiv="Content-Type" content="text/html;charset=utf-8" />
  <meta name='ocr-system' content='tesseract 3.04.00' />
  <meta name='ocr-capabilities' content='ocr_page ocr_carea ocr_par ocr_line ocrx_word'/>
</head>
<body>
  <div class='ocr_page' id='page_1' title='image "./denicolaomusetog00bduoft_0065.png"; bbox 0 0 1810 2903; ppageno 0'>
   <div class='ocr_carea' id='block_1_1' title="bbox 192 137 1682 1121">
    <p class='ocr_par' dir='ltr' id='par_1_1' title="bbox 192 137 1682 742">
     <span class='ocr_line' id='line_1_1' title="bbox 826 137 1057 179; baseline 0.004 -25"><span class='ocrx_word' id='word_1_1' title='bbox 826 149 877 154; x_wconf 72' lang='grc'>-</span> <span class='ocrx_word' id='word_1_2' title='bbox 916 137 962 179; x_wconf 77' lang='lat'>53</span> <span class='ocrx_word' id='word_1_3' title='bbox 1000 150 1057 155; x_wconf 76' lang='grc'>-</span> 
     </span>
     <span class='ocr_line' id='line_1_2' title="bbox 192 221 1681 282; baseline 0.003 -18"><span class='ocrx_word' id='word_1_4' title='bbox 192 237 289 279; x_wconf 88' lang='lat' dir='ltr'>que,</span> <span class='ocrx_word' id='word_1_5' title='bbox 317 223 511 265; x_wconf 86' lang='lat' dir='ltr'>coronati</span> <span class='ocrx_word' id='word_1_6' title='bbox 544 235 736 280; x_wconf 83' lang='lat' dir='ltr'>tempora</span> <span class='ocrx_word' id='word_1_7' title='bbox 771 221 963 274; x_wconf 86' lang='lat' dir='ltr'>floribus,</span> <span class='ocrx_word' id='word_1_8' title='bbox 999 222 1155 267; x_wconf 87' lang='lat' dir='ltr'>choros</span> <span class='ocrx_word' id='word_1_9' title='bbox 1187 225 1362 282; x_wconf 85' lang='lat' dir='ltr'>agitant,</span> <span class='ocrx_word' id='word_1_10' title='bbox 1406 237 1446 268; x_wconf 87' lang='lat' dir='ltr'>et</span> <span class='ocrx_word' id='word_1_11' title='bbox 1479 225 1529 268; x_wconf 84' lang='lat' dir='ltr'>ad</span> <span class='ocrx_word' id='word_1_12' title='bbox 1561 225 1681 269; x_wconf 82' lang='lat' dir='ltr'>tibias</span> 
     </span>
     <span class='ocr_line' id='line_1_3' title="bbox 192 298 1679 355; baseline 0.003 -14"><span class='ocrx_word' id='word_1_13' title='bbox 192 309 480 355; x_wconf 85' lang='lat' dir='ltr'>tympanaque</span> <span class='ocrx_word' id='word_1_14' title='bbox 513 298 660 342; x_wconf 90' lang='lat' dir='ltr'>dicunt</span> <span class='ocrx_word' id='word_1_15' title='bbox 685 301 860 354; x_wconf 89' lang='lat' dir='ltr'>cantica,</span> <span class='ocrx_word' id='word_1_16' title='bbox 893 300 980 342; x_wconf 88' lang='lat' dir='ltr'>sive</span> <span class='ocrx_word' id='word_1_17' title='bbox 1017 299 1138 343; x_wconf 87' lang='lat' dir='ltr'>miles</span> <span class='ocrx_word' id='word_1_18' title='bbox 1168 302 1211 343; x_wconf 90' lang='lat' dir='ltr'>in</span> <span class='ocrx_word' id='word_1_19' title='bbox 1237 303 1474 345; x_wconf 83' lang='lat' dir='ltr'><strong>certamine</strong></span> <span class='ocrx_word' id='word_1_20' title='bbox 1506 302 1679 346; x_wconf 87' lang='lat' dir='ltr'>calcaria</span> 
     </span>
     <span class='ocr_line' id='line_1_4' title="bbox 193 373 1679 433; baseline 0.004 -16"><span class='ocrx_word' id='word_1_21' title='bbox 193 373 337 418; x_wconf 88' lang='lat' dir='ltr'>subdit</span> <span class='ocrx_word' id='word_1_22' title='bbox 360 390 471 433; x_wconf 92' lang='lat' dir='ltr'>equo</span> <span class='ocrx_word' id='word_1_23' title='bbox 495 391 540 418; x_wconf 92' lang='lat' dir='ltr'>ac</span> <span class='ocrx_word' id='word_1_24' title='bbox 561 375 704 419; x_wconf 89' lang='lat' dir='ltr'>lancea</span> <span class='ocrx_word' id='word_1_25' title='bbox 724 387 894 419; x_wconf 91' lang='lat' dir='ltr'>strenue</span> <span class='ocrx_word' id='word_1_26' title='bbox 916 376 1085 420; x_wconf 86' lang='lat' dir='ltr'>hostem</span> <span class='ocrx_word' id='word_1_27' title='bbox 1106 376 1257 421; x_wconf 90' lang='lat' dir='ltr'>ferit...</span> <span class='ocrx_word' id='word_1_28' title='bbox 1285 394 1305 417; x_wconf 86' lang='lat'>»</span> <span class='ocrx_word' id='word_1_29' title='bbox 1333 377 1465 429; x_wconf 91' lang='lat' dir='ltr'>Quod</span> <span class='ocrx_word' id='word_1_30' title='bbox 1487 381 1520 422; x_wconf 92' lang='lat' dir='ltr'>si</span> <span class='ocrx_word' id='word_1_31' title='bbox 1541 391 1679 423; x_wconf 86' lang='lat' dir='ltr'>totum</span> 
     </span>
     <span class='ocr_line' id='line_1_5' title="bbox 193 451 1679 512; baseline 0.003 -18"><span class='ocrx_word' id='word_1_32' title='bbox 193 466 361 495; x_wconf 88' lang='lat' dir='ltr'>carmen</span> <span class='ocrx_word' id='word_1_33' title='bbox 384 451 559 510; x_wconf 82' lang='lat' dir='ltr'>relegas,</span> <span class='ocrx_word' id='word_1_34' title='bbox 584 465 624 496; x_wconf 86' lang='lat' dir='ltr'>et</span> <span class='ocrx_word' id='word_1_35' title='bbox 645 468 694 496; x_wconf 85' lang='lat' dir='ltr'>ex</span> <span class='ocrx_word' id='word_1_36' title='bbox 713 454 763 495; x_wconf 89' lang='lat' dir='ltr'>iis</span> <span class='ocrx_word' id='word_1_37' title='bbox 785 454 1021 507; x_wconf 88' lang='lat' dir='ltr'>sententiis,</span> <span class='ocrx_word' id='word_1_38' title='bbox 1037 469 1143 512; x_wconf 88' lang='lat' dir='ltr'>quae</span> <span class='ocrx_word' id='word_1_39' title='bbox 1163 470 1312 512; x_wconf 89' lang='lat' dir='ltr'>parum</span> <span class='ocrx_word' id='word_1_40' title='bbox 1334 456 1441 498; x_wconf 89' lang='lat' dir='ltr'>inter</span> <span class='ocrx_word' id='word_1_41' title='bbox 1461 471 1505 499; x_wconf 89' lang='lat' dir='ltr'>se</span> <span class='ocrx_word' id='word_1_42' title='bbox 1524 455 1679 500; x_wconf 88' lang='lat' dir='ltr'>cohae-</span> 
     </span>
     <span class='ocr_line' id='line_1_6' title="bbox 192 527 1682 589; baseline 0.004 -19"><span class='ocrx_word' id='word_1_43' title='bbox 192 540 302 582; x_wconf 87' lang='lat' dir='ltr'>rent,</span> <span class='ocrx_word' id='word_1_44' title='bbox 326 540 372 570; x_wconf 89' lang='lat' dir='ltr'>ut</span> <span class='ocrx_word' id='word_1_45' title='bbox 393 527 512 572; x_wconf 90' lang='lat' dir='ltr'>decet</span> <span class='ocrx_word' id='word_1_46' title='bbox 538 528 683 586; x_wconf 90' lang='lat' dir='ltr'>lyrica,</span> <span class='ocrx_word' id='word_1_47' title='bbox 714 543 753 573; x_wconf 92' lang='lat' dir='ltr'>et</span> <span class='ocrx_word' id='word_1_48' title='bbox 786 545 835 573; x_wconf 85' lang='lat' dir='ltr'>ex</span> <span class='ocrx_word' id='word_1_49' title='bbox 870 530 945 574; x_wconf 91' lang='lat' dir='ltr'>illo</span> <span class='ocrx_word' id='word_1_50' title='bbox 975 530 1129 584; x_wconf 88' lang='lat' dir='ltr'>calore,</span> <span class='ocrx_word' id='word_1_51' title='bbox 1164 533 1307 575; x_wconf 89' lang='lat' dir='ltr'>nescio</span> <span class='ocrx_word' id='word_1_52' title='bbox 1347 531 1448 589; x_wconf 89' lang='lat' dir='ltr'>quid</span> <span class='ocrx_word' id='word_1_53' title='bbox 1486 533 1682 576; x_wconf 81' lang='lat' dir='ltr'>Horatia-</span> 
     </span>
     <span class='ocr_line' id='line_1_7' title="bbox 192 604 517 649; baseline 0.006 -2"><span class='ocrx_word' id='word_1_54' title='bbox 192 619 295 648; x_wconf 92' lang='lat' dir='ltr'>num</span> <span class='ocrx_word' id='word_1_55' title='bbox 319 604 479 649; x_wconf 81' lang='lat' dir='ltr'>redolet</span> <span class='ocrx_word' id='word_1_56' title='bbox 510 623 517 648; x_wconf 89' lang='lat'>:</span> 
     </span>
     <span class='ocr_line' id='line_1_8' title="bbox 670 682 1421 742; baseline 0.003 -16"><span class='ocrx_word' id='word_1_57' title='bbox 670 684 784 727; x_wconf 81' lang='lat' dir='ltr'>...Ut</span> <span class='ocrx_word' id='word_1_58' title='bbox 810 683 964 727; x_wconf 90' lang='lat' dir='ltr'>melius</span> <span class='ocrx_word' id='word_1_59' title='bbox 991 682 1202 742; x_wconf 90' lang='lat' dir='ltr'>quidquid</span> <span class='ocrx_word' id='word_1_60' title='bbox 1218 685 1296 728; x_wconf 90' lang='lat' dir='ltr'>erit</span> <span class='ocrx_word' id='word_1_61' title='bbox 1319 686 1421 742; x_wconf 88' lang='lat' dir='ltr'>pati,</span> 
     </span>
    </p>

    <p class='ocr_par' dir='ltr' id='par_1_2' title="bbox 283 758 1434 818">
     <span class='ocr_line' id='line_1_9' title="bbox 283 758 1434 818; baseline 0.001 -16"><span class='ocrx_word' id='word_1_62' title='bbox 283 760 365 803; x_wconf 86' lang='lat' dir='ltr'>Seu</span> <span class='ocrx_word' id='word_1_63' title='bbox 387 758 521 817; x_wconf 90' lang='lat' dir='ltr'>pluris</span> <span class='ocrx_word' id='word_1_64' title='bbox 544 758 723 813; x_wconf 82' lang='lat' dir='ltr'><strong>hiemes,</strong></span> <span class='ocrx_word' id='word_1_65' title='bbox 744 776 817 804; x_wconf 93' lang='lat' dir='ltr'>seu</span> <span class='ocrx_word' id='word_1_66' title='bbox 838 759 983 804; x_wconf 85' lang='lat' dir='ltr'>tribuit</span> <span class='ocrx_word' id='word_1_67' title='bbox 1009 762 1203 818; x_wconf 77' lang='lat' dir='ltr'>juppiter</span> <span class='ocrx_word' id='word_1_68' title='bbox 1224 760 1434 812; x_wconf 86' lang='lat' dir='ltr'>ultimam,</span> 
     </span>
    </p>

    <p class='ocr_par' dir='ltr' id='par_1_3' title="bbox 282 830 1385 889">
     <span class='ocr_line' id='line_1_10' title="bbox 282 830 1385 889; baseline 0.002 -16"><span class='ocrx_word' id='word_1_69' title='bbox 282 830 406 881; x_wconf 71' lang='lat' dir='ltr'>Quae</span> <span class='ocrx_word' id='word_1_70' title='bbox 427 845 542 873; x_wconf 90' lang='lat' dir='ltr'>nunc</span> <span class='ocrx_word' id='word_1_71' title='bbox 565 831 772 887; x_wconf 87' lang='lat' dir='ltr'>oppositis</span> <span class='ocrx_word' id='word_1_72' title='bbox 787 830 976 874; x_wconf 85' lang='lat' dir='ltr'>debilitat</span> <span class='ocrx_word' id='word_1_73' title='bbox 1002 831 1241 889; x_wconf 86' lang='lat' dir='ltr'>pumicibus</span> <span class='ocrx_word' id='word_1_74' title='bbox 1270 847 1385 875; x_wconf 88' lang='lat' dir='ltr'>mare</span> 
     </span>
    </p>

    <p class='ocr_par' dir='ltr' id='par_1_4' title="bbox 281 906 1429 966">
     <span class='ocr_line' id='line_1_11' title="bbox 281 906 1429 966; baseline 0.003 -17"><span class='ocrx_word' id='word_1_75' title='bbox 281 906 578 964; x_wconf 86' lang='lat' dir='ltr'>Tyrrhenum!</span> <span class='ocrx_word' id='word_1_76' title='bbox 605 908 764 965; x_wconf 84' lang='lat' dir='ltr'>Sapias,</span> <span class='ocrx_word' id='word_1_77' title='bbox 789 909 888 951; x_wconf 86' lang='lat' dir='ltr'>vina</span> <span class='ocrx_word' id='word_1_78' title='bbox 907 908 1059 966; x_wconf 87' lang='lat' dir='ltr'>liques,</span> <span class='ocrx_word' id='word_1_79' title='bbox 1090 921 1131 952; x_wconf 92' lang='lat' dir='ltr'>et</span> <span class='ocrx_word' id='word_1_80' title='bbox 1150 909 1286 966; x_wconf 87' lang='lat' dir='ltr'>spatio</span> <span class='ocrx_word' id='word_1_81' title='bbox 1313 908 1429 952; x_wconf 90' lang='lat' dir='ltr'>brevi</span> 
     </span>
    </p>

    <p class='ocr_par' dir='ltr' id='par_1_5' title="bbox 281 983 1564 1044">
     <span class='ocr_line' id='line_1_12' title="bbox 281 983 1564 1044; baseline 0.002 -18"><span class='ocrx_word' id='word_1_82' title='bbox 281 984 409 1040; x_wconf 83' lang='lat' dir='ltr'>Spem</span> <span class='ocrx_word' id='word_1_83' title='bbox 433 983 608 1042; x_wconf 88' lang='lat' dir='ltr'>longam</span> <span class='ocrx_word' id='word_1_84' title='bbox 637 985 820 1029; x_wconf 86' lang='lat' dir='ltr'><strong>reseces!</strong></span> <span class='ocrx_word' id='word_1_85' title='bbox 845 986 961 1029; x_wconf 91' lang='lat' dir='ltr'>Dum</span> <span class='ocrx_word' id='word_1_86' title='bbox 979 985 1211 1044; x_wconf 89' lang='lat' dir='ltr'>loquimur,</span> <span class='ocrx_word' id='word_1_87' title='bbox 1241 985 1397 1043; x_wconf 84' lang='lat' dir='ltr'>fugerit</span> <span class='ocrx_word' id='word_1_88' title='bbox 1420 985 1564 1030; x_wconf 88' lang='lat' dir='ltr'>invida</span> 
     </span>
    </p>

    <p class='ocr_par' dir='ltr' id='par_1_6' title="bbox 279 1060 1569 1121">
     <span class='ocr_line' id='line_1_13' title="bbox 279 1060 1569 1121; baseline 0.001 -17"><span class='ocrx_word' id='word_1_89' title='bbox 279 1062 431 1106; x_wconf 86' lang='lat' dir='ltr'>Aetas!</span> <span class='ocrx_word' id='word_1_90' title='bbox 457 1061 591 1119; x_wconf 85' lang='lat' dir='ltr'><strong>Carpe</strong></span> <span class='ocrx_word' id='word_1_91' title='bbox 614 1060 743 1115; x_wconf 90' lang='lat' dir='ltr'>diem,</span> <span class='ocrx_word' id='word_1_92' title='bbox 767 1077 899 1120; x_wconf 89' lang='lat' dir='ltr'>quam</span> <span class='ocrx_word' id='word_1_93' title='bbox 920 1063 1149 1106; x_wconf 88' lang='lat' dir='ltr'>minimum</span> <span class='ocrx_word' id='word_1_94' title='bbox 1176 1061 1348 1106; x_wconf 88' lang='lat' dir='ltr'>credula</span> <span class='ocrx_word' id='word_1_95' title='bbox 1376 1062 1569 1121; x_wconf 84' lang='lat' dir='ltr'>postero!</span> 
     </span>
    </p>
   </div>
   <div class='ocr_carea' id='block_1_2' title="bbox 903 1245 959 1289">
    <p class='ocr_par' dir='ltr' id='par_1_7' title="bbox 903 1245 959 1289">
     <span class='ocr_line' id='line_1_14' title="bbox 903 1245 959 1289; baseline 0.018 -1"><span class='ocrx_word' id='word_1_96' title='bbox 903 1245 959 1289; x_wconf 93' lang='lat' dir='ltr'>V.</span> 
     </span>
    </p>
   </div>
   <div class='ocr_carea' id='block_1_3' title="bbox 188 1408 1685 2625">
    <p class='ocr_par' dir='ltr' id='par_1_8' title="bbox 190 1408 1684 1546">
     <span class='ocr_line' id='line_1_15' title="bbox 249 1408 1684 1469; baseline 0.001 -16"><span class='ocrx_word' id='word_1_97' title='bbox 249 1408 366 1462; x_wconf 82' lang='lat' dir='ltr'>Quid</span> <span class='ocrx_word' id='word_1_98' title='bbox 395 1411 527 1453; x_wconf 89' lang='lat' dir='ltr'>vero?</span> <span class='ocrx_word' id='word_1_99' title='bbox 556 1409 772 1464; x_wconf 79' lang='lat' dir='ltr'>Hilaritas‚</span> <span class='ocrx_word' id='word_1_100' title='bbox 796 1411 880 1464; x_wconf 88' lang='lat' dir='ltr'>vis,</span> <span class='ocrx_word' id='word_1_101' title='bbox 910 1411 1035 1464; x_wconf 86' lang='lat' dir='ltr'>risus,</span> <span class='ocrx_word' id='word_1_102' title='bbox 1069 1409 1171 1454; x_wconf 88' lang='lat' dir='ltr'>haec</span> <span class='ocrx_word' id='word_1_103' title='bbox 1204 1411 1350 1454; x_wconf 88' lang='lat' dir='ltr'>omnia</span> <span class='ocrx_word' id='word_1_104' title='bbox 1388 1409 1518 1469; x_wconf 91' lang='lat' dir='ltr'>lepidi</span> <span class='ocrx_word' id='word_1_105' title='bbox 1545 1410 1684 1454; x_wconf 89' lang='lat' dir='ltr'>homi-</span> 
     </span>
     <span class='ocr_line' id='line_1_16' title="bbox 190 1485 1679 1546; baseline 0.001 -16"><span class='ocrx_word' id='word_1_106' title='bbox 190 1487 254 1530; x_wconf 90' lang='lat' dir='ltr'>nis</span> <span class='ocrx_word' id='word_1_107' title='bbox 280 1499 393 1540; x_wconf 89' lang='lat' dir='ltr'>sunt,</span> <span class='ocrx_word' id='word_1_108' title='bbox 422 1500 563 1545; x_wconf 88' lang='lat' dir='ltr'>atque,</span> <span class='ocrx_word' id='word_1_109' title='bbox 594 1500 639 1531; x_wconf 92' lang='lat' dir='ltr'>ut</span> <span class='ocrx_word' id='word_1_110' title='bbox 665 1485 834 1541; x_wconf 82' lang='lat' dir='ltr'>dicitur,</span> <span class='ocrx_word' id='word_1_111' title='bbox 864 1487 1002 1531; x_wconf 80' lang='lat' dir='ltr'>festivi</span> <span class='ocrx_word' id='word_1_112' title='bbox 1028 1488 1175 1545; x_wconf 91' lang='lat' dir='ltr'>capitis</span> <span class='ocrx_word' id='word_1_113' title='bbox 1200 1489 1340 1545; x_wconf 91' lang='lat' dir='ltr'>potius</span> <span class='ocrx_word' id='word_1_114' title='bbox 1360 1503 1489 1546; x_wconf 89' lang='lat' dir='ltr'>quam</span> <span class='ocrx_word' id='word_1_115' title='bbox 1513 1500 1679 1545; x_wconf 89' lang='lat' dir='ltr'>poetae.</span> 
     </span>
    </p>

    <p class='ocr_par' dir='ltr' id='par_1_9' title="bbox 188 1562 1685 2625">
     <span class='ocr_line' id='line_1_17' title="bbox 251 1562 1678 1622; baseline 0 -14"><span class='ocrx_word' id='word_1_116' title='bbox 251 1562 332 1608; x_wconf 87' lang='lat' dir='ltr'>Sed</span> <span class='ocrx_word' id='word_1_117' title='bbox 359 1563 578 1607; x_wconf 90' lang='lat' dir='ltr'>interdum</span> <span class='ocrx_word' id='word_1_118' title='bbox 600 1563 746 1607; x_wconf 82' lang='lat' dir='ltr'>altiore</span> <span class='ocrx_word' id='word_1_119' title='bbox 769 1563 953 1622; x_wconf 81' lang='lat' dir='ltr'>quodam</span> <span class='ocrx_word' id='word_1_120' title='bbox 982 1565 1181 1609; x_wconf 89' lang='lat' dir='ltr'>instinctu</span> <span class='ocrx_word' id='word_1_121' title='bbox 1207 1564 1411 1609; x_wconf 84' lang='lat' dir='ltr'>Nicolaus</span> <span class='ocrx_word' id='word_1_122' title='bbox 1439 1577 1574 1608; x_wconf 88' lang='lat' dir='ltr'>tactus</span> <span class='ocrx_word' id='word_1_123' title='bbox 1601 1577 1678 1608; x_wconf 88' lang='lat' dir='ltr'>est.</span> 
     </span>
     <span class='ocr_line' id='line_1_18' title="bbox 190 1640 1679 1700; baseline 0.001 -16"><span class='ocrx_word' id='word_1_124' title='bbox 190 1642 288 1685; x_wconf 92' lang='lat' dir='ltr'>Duo</span> <span class='ocrx_word' id='word_1_125' title='bbox 309 1653 407 1686; x_wconf 87' lang='lat' dir='ltr'>sunt</span> <span class='ocrx_word' id='word_1_126' title='bbox 426 1642 628 1692; x_wconf 86' lang='lat' dir='ltr'>carmina,</span> <span class='ocrx_word' id='word_1_127' title='bbox 653 1640 806 1698; x_wconf 91' lang='lat' dir='ltr'>quibus</span> <span class='ocrx_word' id='word_1_128' title='bbox 827 1642 865 1684; x_wconf 90' lang='lat' dir='ltr'>ei</span> <span class='ocrx_word' id='word_1_129' title='bbox 888 1641 1128 1686; x_wconf 89' lang='lat' dir='ltr'>litterarum</span> <span class='ocrx_word' id='word_1_130' title='bbox 1148 1642 1311 1699; x_wconf 83' lang='lat' dir='ltr'>generi,</span> <span class='ocrx_word' id='word_1_131' title='bbox 1336 1640 1523 1700; x_wconf 87' lang='lat' dir='ltr'>quodam</span> <span class='ocrx_word' id='word_1_132' title='bbox 1546 1641 1679 1686; x_wconf 92' lang='lat' dir='ltr'>modo</span> 
     </span>
     <span class='ocr_line' id='line_1_19' title="bbox 189 1717 1678 1777; baseline -0.001 -14"><span class='ocrx_word' id='word_1_133' title='bbox 189 1717 351 1777; x_wconf 85' lang='lat' dir='ltr'>vulgari</span> <span class='ocrx_word' id='word_1_134' title='bbox 372 1731 412 1762; x_wconf 94' lang='lat' dir='ltr'>et</span> <span class='ocrx_word' id='word_1_135' title='bbox 433 1719 548 1771; x_wconf 87' lang='lat' dir='ltr'>trito,</span> <span class='ocrx_word' id='word_1_136' title='bbox 573 1717 687 1776; x_wconf 94' lang='lat' dir='ltr'>quod</span> <span class='ocrx_word' id='word_1_137' title='bbox 715 1717 766 1762; x_wconf 89' lang='lat' dir='ltr'>ad</span> <span class='ocrx_word' id='word_1_138' title='bbox 786 1731 974 1776; x_wconf 88' lang='lat' dir='ltr'>pastores</span> <span class='ocrx_word' id='word_1_139' title='bbox 996 1730 1157 1777; x_wconf 89' lang='lat' dir='ltr'>spectat</span> <span class='ocrx_word' id='word_1_140' title='bbox 1178 1717 1347 1777; x_wconf 88' lang='lat' dir='ltr'>(gallice</span> <span class='ocrx_word' id='word_1_141' title='bbox 1373 1732 1381 1759; x_wconf 91' lang='lat'>:</span> <span class='ocrx_word' id='word_1_142' title='bbox 1404 1717 1678 1777; x_wconf 77' lang='lat' dir='ltr'>pastourelle),</span> 
     </span>
     <span class='ocr_line' id='line_1_20' title="bbox 191 1793 1682 1854; baseline -0.001 -15"><span class='ocrx_word' id='word_1_143' title='bbox 191 1795 318 1839; x_wconf 90' lang='lat' dir='ltr'>decus</span> <span class='ocrx_word' id='word_1_144' title='bbox 330 1793 553 1839; x_wconf 83' lang='lat' dir='ltr'>addiderit.</span> <span class='ocrx_word' id='word_1_145' title='bbox 569 1794 643 1839; x_wconf 92' lang='lat' dir='ltr'>Illa</span> <span class='ocrx_word' id='word_1_146' title='bbox 657 1794 844 1853; x_wconf 87' lang='lat' dir='ltr'>profecto</span> <span class='ocrx_word' id='word_1_147' title='bbox 858 1795 1020 1853; x_wconf 85' lang='lat' dir='ltr'>idyllia,</span> <span class='ocrx_word' id='word_1_148' title='bbox 1035 1795 1188 1854; x_wconf 91' lang='lat' dir='ltr'>quibus</span> <span class='ocrx_word' id='word_1_149' title='bbox 1202 1795 1325 1839; x_wconf 88' lang='lat' dir='ltr'>miles</span> <span class='ocrx_word' id='word_1_150' title='bbox 1338 1795 1520 1853; x_wconf 86' lang='lat' dir='ltr'>puellam</span> <span class='ocrx_word' id='word_1_151' title='bbox 1536 1797 1682 1839; x_wconf 80' lang='lat' dir='ltr'>ovium</span> 
     </span>
     <span class='ocr_line' id='line_1_21' title="bbox 189 1871 1681 1930; baseline 0 -14"><span class='ocrx_word' id='word_1_152' title='bbox 189 1871 412 1918; x_wconf 86' lang='lat' dir='ltr'>custodem</span> <span class='ocrx_word' id='word_1_153' title='bbox 440 1888 587 1916; x_wconf 89' lang='lat' dir='ltr'>amans</span> <span class='ocrx_word' id='word_1_154' title='bbox 608 1872 841 1926; x_wconf 89' lang='lat' dir='ltr'>inducitur,</span> <span class='ocrx_word' id='word_1_155' title='bbox 873 1872 978 1916; x_wconf 91' lang='lat' dir='ltr'>dum</span> <span class='ocrx_word' id='word_1_156' title='bbox 1007 1872 1110 1916; x_wconf 89' lang='lat' dir='ltr'>haec</span> <span class='ocrx_word' id='word_1_157' title='bbox 1133 1887 1206 1930; x_wconf 92' lang='lat' dir='ltr'>per</span> <span class='ocrx_word' id='word_1_158' title='bbox 1233 1874 1377 1930; x_wconf 84' lang='lat' dir='ltr'>jocum</span> <span class='ocrx_word' id='word_1_159' title='bbox 1398 1873 1568 1926; x_wconf 87' lang='lat' dir='ltr'>resistit,</span> <span class='ocrx_word' id='word_1_160' title='bbox 1591 1888 1681 1930; x_wconf 84' lang='lat' dir='ltr'>pas-</span> 
     </span>
     <span class='ocr_line' id='line_1_22' title="bbox 190 1949 1681 2008; baseline -0.001 -15"><span class='ocrx_word' id='word_1_161' title='bbox 190 1962 256 1993; x_wconf 90' lang='lat' dir='ltr'>tor</span> <span class='ocrx_word' id='word_1_162' title='bbox 291 1962 436 1994; x_wconf 89' lang='lat' dir='ltr'>contra</span> <span class='ocrx_word' id='word_1_163' title='bbox 474 1949 591 1994; x_wconf 89' lang='lat' dir='ltr'>rivali</span> <span class='ocrx_word' id='word_1_164' title='bbox 624 1949 756 2003; x_wconf 91' lang='lat' dir='ltr'>dolet,</span> <span class='ocrx_word' id='word_1_165' title='bbox 782 1950 993 2006; x_wconf 86' lang='lat' dir='ltr'>exquisita</span> <span class='ocrx_word' id='word_1_166' title='bbox 1030 1949 1284 2008; x_wconf 92' lang='lat' dir='ltr'>plerumque</span> <span class='ocrx_word' id='word_1_167' title='bbox 1320 1962 1406 1993; x_wconf 87' lang='lat' dir='ltr'>arte</span> <span class='ocrx_word' id='word_1_168' title='bbox 1446 1951 1681 2007; x_wconf 83' lang='lat' dir='ltr'>composita</span> 
     </span>
     <span class='ocr_line' id='line_1_23' title="bbox 189 2026 1682 2083; baseline -0.001 -13"><span class='ocrx_word' id='word_1_169' title='bbox 189 2040 305 2080; x_wconf 89' lang='lat' dir='ltr'>sunt,</span> <span class='ocrx_word' id='word_1_170' title='bbox 335 2028 392 2070; x_wconf 89' lang='lat' dir='ltr'>ita</span> <span class='ocrx_word' id='word_1_171' title='bbox 412 2039 458 2071; x_wconf 91' lang='lat' dir='ltr'>ut</span> <span class='ocrx_word' id='word_1_172' title='bbox 484 2026 598 2071; x_wconf 87' lang='lat' dir='ltr'>haud</span> <span class='ocrx_word' id='word_1_173' title='bbox 632 2026 750 2070; x_wconf 87' lang='lat' dir='ltr'>facile</span> <span class='ocrx_word' id='word_1_174' title='bbox 781 2026 993 2070; x_wconf 88' lang='lat' dir='ltr'>discernas</span> <span class='ocrx_word' id='word_1_175' title='bbox 1014 2038 1157 2071; x_wconf 86' lang='lat' dir='ltr'>utrum</span> <span class='ocrx_word' id='word_1_176' title='bbox 1193 2027 1325 2083; x_wconf 85' lang='lat' dir='ltr'>magis</span> <span class='ocrx_word' id='word_1_177' title='bbox 1350 2026 1600 2070; x_wconf 87' lang='lat' dir='ltr'>admiranda</span> <span class='ocrx_word' id='word_1_178' title='bbox 1629 2028 1682 2070; x_wconf 88' lang='lat' dir='ltr'>sit</span> 
     </span>
     <span class='ocr_line' id='line_1_24' title="bbox 189 2102 1683 2163; baseline -0.002 -15"><span class='ocrx_word' id='word_1_179' title='bbox 189 2103 426 2148; x_wconf 88' lang='lat' dir='ltr'>similitudo</span> <span class='ocrx_word' id='word_1_180' title='bbox 448 2105 542 2158; x_wconf 86' lang='lat' dir='ltr'>ista,</span> <span class='ocrx_word' id='word_1_181' title='bbox 572 2119 679 2163; x_wconf 91' lang='lat' dir='ltr'>quae</span> <span class='ocrx_word' id='word_1_182' title='bbox 705 2105 849 2162; x_wconf 88' lang='lat' dir='ltr'>generi</span> <span class='ocrx_word' id='word_1_183' title='bbox 869 2105 947 2162; x_wconf 89' lang='lat' dir='ltr'>ipsi</span> <span class='ocrx_word' id='word_1_184' title='bbox 972 2103 1180 2157; x_wconf 89' lang='lat' dir='ltr'>inhaeret,</span> <span class='ocrx_word' id='word_1_185' title='bbox 1204 2119 1257 2146; x_wconf 93' lang='lat' dir='ltr'>an</span> <span class='ocrx_word' id='word_1_186' title='bbox 1283 2104 1388 2146; x_wconf 89' lang='lat' dir='ltr'>mira</span> <span class='ocrx_word' id='word_1_187' title='bbox 1412 2102 1480 2146; x_wconf 88' lang='lat' dir='ltr'>illa</span> <span class='ocrx_word' id='word_1_188' title='bbox 1509 2102 1683 2147; x_wconf 84' lang='lat' dir='ltr'>diversi-</span> 
     </span>
     <span class='ocr_line' id='line_1_25' title="bbox 190 2180 1678 2239; baseline -0.001 -14"><span class='ocrx_word' id='word_1_189' title='bbox 190 2194 268 2235; x_wconf 89' lang='lat' dir='ltr'>tas,</span> <span class='ocrx_word' id='word_1_190' title='bbox 298 2197 383 2239; x_wconf 88' lang='lat' dir='ltr'>qua</span> <span class='ocrx_word' id='word_1_191' title='bbox 409 2182 452 2224; x_wconf 91' lang='lat' dir='ltr'>in</span> <span class='ocrx_word' id='word_1_192' title='bbox 471 2196 651 2239; x_wconf 91' lang='lat' dir='ltr'>operum</span> <span class='ocrx_word' id='word_1_193' title='bbox 673 2180 888 2225; x_wconf 90' lang='lat' dir='ltr'>coloribus</span> <span class='ocrx_word' id='word_1_194' title='bbox 914 2180 1126 2225; x_wconf 85' lang='lat' dir='ltr'>variandis</span> <span class='ocrx_word' id='word_1_195' title='bbox 1152 2193 1300 2238; x_wconf 84' lang='lat' dir='ltr'>poetae</span> <span class='ocrx_word' id='word_1_196' title='bbox 1322 2181 1453 2224; x_wconf 92' lang='lat' dir='ltr'>nostri</span> <span class='ocrx_word' id='word_1_197' title='bbox 1472 2182 1535 2224; x_wconf 89' lang='lat' dir='ltr'>usi</span> <span class='ocrx_word' id='word_1_198' title='bbox 1563 2193 1678 2224; x_wconf 87' lang='lat' dir='ltr'>sunt.</span> 
     </span>
     <span class='ocr_line' id='line_1_26' title="bbox 192 2257 1680 2317; baseline -0.002 -13"><span class='ocrx_word' id='word_1_199' title='bbox 192 2263 436 2317; x_wconf 89' lang='lat' dir='ltr'>Utcumque</span> <span class='ocrx_word' id='word_1_200' title='bbox 458 2274 524 2302; x_wconf 90' lang='lat' dir='ltr'>res</span> <span class='ocrx_word' id='word_1_201' title='bbox 552 2274 595 2302; x_wconf 93' lang='lat' dir='ltr'>se</span> <span class='ocrx_word' id='word_1_202' title='bbox 615 2257 757 2310; x_wconf 87' lang='lat' dir='ltr'>habet,</span> <span class='ocrx_word' id='word_1_203' title='bbox 781 2273 949 2315; x_wconf 90' lang='lat' dir='ltr'>semper</span> <span class='ocrx_word' id='word_1_204' title='bbox 970 2270 1066 2302; x_wconf 89' lang='lat' dir='ltr'>ante</span> <span class='ocrx_word' id='word_1_205' title='bbox 1085 2257 1230 2302; x_wconf 92' lang='lat' dir='ltr'>oculos</span> <span class='ocrx_word' id='word_1_206' title='bbox 1250 2259 1404 2301; x_wconf 88' lang='lat' dir='ltr'>rustica</span> <span class='ocrx_word' id='word_1_207' title='bbox 1425 2257 1562 2316; x_wconf 85' lang='lat' dir='ltr'>puella</span> <span class='ocrx_word' id='word_1_208' title='bbox 1584 2273 1680 2301; x_wconf 89' lang='lat' dir='ltr'>cum</span> 
     </span>
     <span class='ocr_line' id='line_1_27' title="bbox 190 2334 1682 2394; baseline -0.003 -13"><span class='ocrx_word' id='word_1_209' title='bbox 190 2336 341 2382; x_wconf 84' lang='lat' dir='ltr'>ovibus</span> <span class='ocrx_word' id='word_1_210' title='bbox 362 2347 549 2394; x_wconf 84' lang='lat' dir='ltr'>apparet.</span> <span class='ocrx_word' id='word_1_211' title='bbox 575 2336 669 2378; x_wconf 92' lang='lat' dir='ltr'>Hoc</span> <span class='ocrx_word' id='word_1_212' title='bbox 687 2347 831 2378; x_wconf 86' lang='lat' dir='ltr'>autem</span> <span class='ocrx_word' id='word_1_213' title='bbox 864 2334 974 2393; x_wconf 88' lang='lat' dir='ltr'>apud</span> <span class='ocrx_word' id='word_1_214' title='bbox 1003 2334 1232 2379; x_wconf 85' lang='lat' dir='ltr'>Nicolaum</span> <span class='ocrx_word' id='word_1_215' title='bbox 1260 2350 1422 2379; x_wconf 90' lang='lat' dir='ltr'>novum</span> <span class='ocrx_word' id='word_1_216' title='bbox 1455 2346 1532 2388; x_wconf 88' lang='lat' dir='ltr'>est,</span> <span class='ocrx_word' id='word_1_217' title='bbox 1570 2334 1682 2393; x_wconf 89' lang='lat' dir='ltr'>quod</span> 
     </span>
     <span class='ocr_line' id='line_1_28' title="bbox 189 2411 1680 2466; baseline -0.003 -8"><span class='ocrx_word' id='word_1_218' title='bbox 189 2415 415 2458; x_wconf 79' lang='lat' dir='ltr'>Marionem</span> <span class='ocrx_word' id='word_1_219' title='bbox 447 2426 487 2456; x_wconf 93' lang='lat' dir='ltr'>et</span> <span class='ocrx_word' id='word_1_220' title='bbox 519 2411 731 2466; x_wconf 56' lang='lat' dir='ltr'>leobinum,</span> <span class='ocrx_word' id='word_1_221' title='bbox 761 2413 1028 2456; x_wconf 78' lang='lat' dir='ltr'>Perrinettam</span> <span class='ocrx_word' id='word_1_222' title='bbox 1057 2428 1102 2455; x_wconf 90' lang='lat' dir='ltr'>ac</span> <span class='ocrx_word' id='word_1_223' title='bbox 1132 2413 1349 2455; x_wconf 62' lang='lat' dir='ltr'>Pet-riuum</span> <span class='ocrx_word' id='word_1_224' title='bbox 1384 2413 1541 2455; x_wconf 90' lang='lat' dir='ltr'>missos</span> <span class='ocrx_word' id='word_1_225' title='bbox 1567 2411 1680 2455; x_wconf 89' lang='lat' dir='ltr'>facit.</span> 
     </span>
     <span class='ocr_line' id='line_1_29' title="bbox 188 2487 1685 2549; baseline -0.003 -14"><span class='ocrx_word' id='word_1_226' title='bbox 188 2492 350 2535; x_wconf 89' lang='lat' dir='ltr'>Mensis</span> <span class='ocrx_word' id='word_1_227' title='bbox 378 2488 552 2549; x_wconf 91' lang='lat' dir='ltr'>quidem</span> <span class='ocrx_word' id='word_1_228' title='bbox 572 2488 683 2548; x_wconf 84' lang='lat' dir='ltr'>apud</span> <span class='ocrx_word' id='word_1_229' title='bbox 709 2505 807 2533; x_wconf 92' lang='lat' dir='ltr'>eum</span> <span class='ocrx_word' id='word_1_230' title='bbox 836 2505 1007 2547; x_wconf 90' lang='lat' dir='ltr'>quoque</span> <span class='ocrx_word' id='word_1_231' title='bbox 1024 2489 1163 2532; x_wconf 89' lang='lat' dir='ltr'>maius</span> <span class='ocrx_word' id='word_1_232' title='bbox 1182 2501 1261 2538; x_wconf 89' lang='lat' dir='ltr'>est,</span> <span class='ocrx_word' id='word_1_233' title='bbox 1282 2504 1357 2532; x_wconf 91' lang='lat' dir='ltr'>ver</span> <span class='ocrx_word' id='word_1_234' title='bbox 1383 2504 1563 2540; x_wconf 89' lang='lat' dir='ltr'>novum,</span> <span class='ocrx_word' id='word_1_235' title='bbox 1580 2487 1685 2531; x_wconf 88' lang='lat' dir='ltr'>hora</span> 
     </span>
     <span class='ocr_line' id='line_1_30' title="bbox 192 2564 1684 2625; baseline -0.003 -14"><span class='ocrx_word' id='word_1_236' title='bbox 192 2569 414 2621; x_wconf 81' lang='lat' dir='ltr'>matutina,</span> <span class='ocrx_word' id='word_1_237' title='bbox 452 2567 693 2625; x_wconf 89' lang='lat' dir='ltr'>pomarium</span> <span class='ocrx_word' id='word_1_238' title='bbox 728 2566 909 2610; x_wconf 89' lang='lat' dir='ltr'>floribus</span> <span class='ocrx_word' id='word_1_239' title='bbox 941 2564 1202 2619; x_wconf 88' lang='lat' dir='ltr'>distinctum,</span> <span class='ocrx_word' id='word_1_240' title='bbox 1242 2565 1312 2609; x_wconf 87' lang='lat' dir='ltr'>ubi</span> <span class='ocrx_word' id='word_1_241' title='bbox 1340 2567 1481 2609; x_wconf 88' lang='lat' dir='ltr'>avium</span> <span class='ocrx_word' id='word_1_242' title='bbox 1511 2578 1635 2608; x_wconf 83' lang='lat' dir='ltr'>cantu</span> <span class='ocrx_word' id='word_1_243' title='bbox 1663 2581 1684 2607; x_wconf 86' lang='lat' dir='ltr'>e</span> 
     </span>
    </p>
   </div>
  </div>
 </body>
</html>
