1810 2903
804 169 1067 199 ——101—

508 250 643 305 Apr‘es
670 249 857 291 mauvais
883 249 1052 305 seignor
1077 260 1206 292 troter
1229 264 1238 292 :

509 323 581 367 S'il
602 323 731 366 heent
752 322 847 366 bien
864 338 968 366 mon
993 322 1239 376 demander,

506 400 558 442 Et
577 400 632 456 je,
656 410 749 443 cent
769 411 878 452 tans,
902 399 967 442 lor
985 398 1166 443 refuser!

230 545 275 552 —
292 526 337 561 V.
359 534 416 568 44.
438 525 632 561 Centtanz.

178 658 441 694 desideravisses
461 671 468 693 :
492 659 633 694 volente
652 659 688 693 de
708 659 744 693 de
761 659 864 694 dame
883 660 981 694 avoir
998 659 1168 701 l’amour;
1191 660 1251 701 sic,
1275 658 1367 705 apud
1387 659 1536 693 Mariam
1558 657 1664 693 Galli-

179 725 255 748 cam
270 713 396 761 legitur
418 726 425 749 ε

602 769 642 804 Li
663 780 762 816 Sages
780 769 870 804 hum
888 780 932 804 ne
949 769 1018 804 deit
1038 769 1206 804 entendre

598 835 618 858 a
639 824 709 859 sole
726 825 820 859 fame
834 825 969 860 cunseil
986 825 1135 871 prendre

226 890 288 924 pro
311 891 317 913 :
338 890 358 913 a
376 890 396 912 α
413 878 480 913 fole
497 877 589 913 farne
609 880 741 914 cunseil
760 880 920 926 prendre.

225 935 267 968 In
286 935 341 969 his
362 933 449 968 locis
469 935 640 969 evitatum
661 943 709 969 est
730 936 922 981 quominus
950 946 1020 969 una
1045 943 1079 969 et
1099 934 1223 969 eadem
1248 934 1458 980 praepositio
1485 934 1535 968 bis
1560 944 1662 979 repe-

178 998 318 1024 teretur.
338 990 415 1024 Hoc
434 997 551 1024 autem
571 990 779 1036 singularius
800 1002 807 1024 1
829 990 922 1024 haud
944 1001 1031 1032 rare,
1056 990 1267 1035 praepositio
1285 990 1456 1035 quaedam
1473 1000 1546 1022 non
1562 1000 1662 1023 eam-

176 1045 272 1087 dem,
303 1045 362 1079 sed
388 1044 528 1079 alteram
556 1046 852 1091 praepositionem
882 1045 1008 1087 abolet,
1037 1047 1136 1091 cujus
1166 1045 1280 1079 officia
1306 1053 1340 1078 et
1367 1053 1479 1090 partes
1504 1044 1658 1089 suscipit.

177 1100 329 1146 Quippe,
349 1109 388 1135 ut
408 1101 454 1134 ait
468 1099 610 1143 Tobler‚
633 1113 650 1132 «
668 1100 696 1134 si
716 1101 922 1146 praepositio
943 1112 1015 1135 non
1035 1100 1204 1134 vocabula
1221 1100 1380 1145 proxime
1400 1100 1659 1146 subsequentia,

176 1156 235 1189 sed
255 1156 474 1190 infinitivum
496 1156 656 1198 verbum,
682 1155 838 1201 pluribus
860 1156 973 1190 verbis
998 1156 1226 1201 interpositis,
1255 1156 1356 1201 regit,
1386 1155 1475 1189 cadit
1498 1156 1534 1188 in
1560 1155 1660 1200 prisci

175 1212 349 1246 sermonis
371 1210 665 1245 consuetudinem
689 1219 727 1245 ut
746 1211 896 1245 duarum
916 1211 1217 1257 praepositionum
1237 1221 1426 1245 concursus
1448 1210 1618 1244 eludatur.
1639 1223 1657 1242 »

223 1266 286 1300 Ex.
307 1278 314 1301 :
338 1266 561 1311 Repairames
574 1265 610 1299 de
629 1266 744 1299 Rome
757 1266 905 1299 cortoier
925 1279 959 1308 »,
979 1277 1042 1311 pro
1060 1277 1067 1299 z
1086 1266 1123 1299 de
1137 1276 1157 1299 a
1173 1266 1287 1300 Rome
1308 1266 1456 1299 cortoier
1470 1278 1487 1297 »
1508 1265 1656 1310 (ng'er).

338 1321 367 1355 11
385 1320 611 1355 s’entroublie
627 1332 665 1354 en
681 1320 704 1354 li
722 1331 856 1366 penser,
875 1331 938 1366 pro
960 1332 966 1354 :
987 1332 1024 1354 en
1041 1331 1061 1354 a
1077 1319 1100 1354 li
1119 1331 1243 1366 penset
1261 1320 1422 1365 (claris).

338 1376 366 1410 Il
386 1376 441 1410 n'a
460 1375 543 1410 nule
563 1376 757 1410 nouvielles
776 1387 834 1409 sur
850 1387 1046 1410 mesereans
1065 1375 1148 1418 aler,
1171 1387 1233 1422 pro
1254 1387 1261 1409 ε
1280 1376 1316 1409 de
1331 1387 1387 1409 sur
1404 1386 1609 1410 mescreans.

220 1431 360 1471 Quibus
378 1430 463 1466 locis
482 1431 609 1465 Museti
630 1442 746 1465 versus
766 1439 848 1465 sunt
867 1430 1052 1466 simillimi.

221 1515 266 1520 —
283 1495 328 1530 V.
348 1504 407 1538 44.
427 1495 525 1541 Etje,
541 1500 610 1529 cent
627 1500 710 1536 tans,
731 1495 779 1528 lor
798 1496 931 1539 refuser.
947 1494 1003 1529 Cf.
1023 1494 1167 1537 Tobler‚
1186 1494 1293 1530 Verm.
1316 1495 1434 1536 Beitr.,
1448 1506 1481 1540 p.
1506 1504 1583 1539 150,
1597 1505 1630 1528 ss
1647 1506 1654 1528 :

619 1549 734 1584 Moult
750 1557 801 1583 ert
820 1560 974 1583 avenanz
992 1558 1026 1584 et
1041 1549 1118 1584 bele

619 1605 682 1639 Dis
701 1612 777 1639 tans
795 1615 862 1650 que
879 1604 953 1639 dire
970 1616 1014 1638 ne
1029 1605 1162 1650 poroie.

759 1660 810 1694 De
830 1659 1036 1705 Montaiglon
1053 1664 1083 1694 et
1100 1658 1269 1705 Raymud,
1290 1658 1465 1702 Fabliaux,
1485 1659 1529 1701 ΙΙ,
1548 1659 1607 1701 48.
