1851 2949
844 222 900 227 .-
932 211 954 252 7
990 221 1042 226 ,-

255 291 440 343 Etenim,
468 291 552 334 hoc
574 290 717 333 animo
745 288 913 333 attende
938 306 946 333 :
970 289 1119 333 itidem
1141 288 1269 332 medii
1291 288 1382 333 aevi
1402 287 1543 345 lyricis
1569 288 1676 332 acci-

197 366 259 412 dit
295 380 335 412 et
370 367 521 425 quovis
561 379 770 424 tempore,
802 367 846 410 in
880 367 1025 424 quavis
1055 366 1244 422 regione,
1287 365 1419 408 cuivis
1448 363 1679 422 lyricorum

196 443 366 489 scholae
391 461 399 487 :
430 458 530 486 nam
562 458 638 486 sua
672 443 824 500 cuique
856 441 1084 485 hominum
1105 443 1228 486 aetati
1262 440 1483 499 peculiaris
1512 440 1670 498 lingua,

199 537 281 580 qua
307 521 440 564 animi
458 520 628 563 affectus
654 520 917 578 expresserit.
941 518 1071 563 Nulla
1092 530 1234 562 autem
1254 517 1399 575 lingua
1420 529 1507 560 tam
1529 516 1672 575 rapide

197 597 384 641 hebescit
403 609 444 641 et
472 608 681 640 vetustate
710 595 945 639 collabitur.
977 595 1080 645 Quo
1104 593 1235 639 modo
1262 609 1454 637 amorem
1484 605 1525 637 et
1541 594 1681 637 varios

198 675 329 717 animi
360 688 509 716 sensus
538 672 804 730 perceperint
831 684 872 715 et
898 672 1179 729 expresserint
1205 671 1403 728 majores,
1438 685 1527 714 non
1559 669 1683 727 plane

197 749 439 807 intelligunt
453 749 627 807 posteri,
650 749 684 792 si
706 747 840 792 modo
859 747 910 791 ad
930 748 1099 792 tertiam
1126 760 1197 791 aut
1219 758 1409 805 quartam
1438 748 1684 804 progeniem

198 825 477 870 descenderis.
506 826 720 869 Citissime
753 824 836 878 illa,
872 823 1101 881 majoribus
1134 824 1300 877 usitata,
1330 822 1498 866 amandi
1534 821 1674 866 dicen-

198 901 325 960 dique
342 903 448 946 ratio
466 903 658 954 senescit,
678 900 858 953 obsolet‚
875 901 1162 953 exanimatur;
1184 915 1301 953 nam,
1318 911 1365 943 ut
1384 898 1579 956 exemplo
1595 910 1684 942 uta-

200 995 313 1033 mur,
336 980 429 1037 quis
456 990 652 1022 nostrum
672 977 789 1022 fictas
822 977 1016 1021 historias
1046 976 1197 1035 quibus
1219 988 1355 1034 patres
1377 976 1511 1018 nostri
1538 976 1681 1019 aetatis

199 1071 297 1099 suae
319 1054 537 1113 cupidines
566 1069 789 1112 moresque
818 1053 1074 1111 descripsere
1101 1052 1229 1096 hodie
1255 1052 1393 1109 legere
1416 1063 1569 1108 potest,
1599 1052 1680 1094 nisi

201 1133 376 1176 scientia
404 1131 511 1175 bene
533 1132 726 1175 munitus
750 1143 805 1184 et,
830 1143 875 1174 ut
894 1131 949 1173 ita
971 1129 1128 1182 dicam,
1160 1129 1459 1172 historicorum
1480 1140 1680 1185 apparatu

200 1208 461 1252 instructus?
495 1209 586 1252 Nec
631 1208 776 1265 priscis
822 1206 996 1250 Tabulae
1036 1218 1081 1250 ut
1129 1206 1246 1248 aiunt
1289 1204 1491 1250 Rotundae
1527 1202 1679 1247 fabulis

199 1284 359 1338 alludo,
390 1300 467 1327 nec
511 1284 679 1342 septimi
712 1282 864 1326 decimi
891 1282 1045 1326 saeculi
1083 1281 1199 1325 libris
1228 1280 1380 1339 quibus
1411 1281 1582 1324 Astraea
1612 1292 1681 1323 aut

201 1361 333 1419 Cyrus
355 1376 522 1418 magnus
547 1372 617 1404 aut
645 1359 844 1404 Clivensis
876 1360 1012 1416 regina
1039 1357 1338 1410 inscribuntur,
1369 1372 1506 1415 neque
1535 1357 1680 1408 etiam,

201 1453 447 1496 quanquam
471 1436 792 1490 recentioribus,
814 1435 966 1491 Juliae,
998 1437 1084 1479 sive
1109 1446 1155 1478 ut
1178 1449 1273 1477 eam
1301 1432 1496 1490 designat
1523 1444 1683 1481 auctor,

201 1515 338 1559 Novae
365 1514 563 1572 Aloysiae,
592 1512 660 1557 vel
683 1513 906 1567 Corinnam
938 1511 1011 1555 sed
1036 1512 1138 1569 ipsis
1158 1510 1298 1554 alludo
1324 1508 1523 1567 operibus
1549 1507 1690 1552 Ludo-

199 1592 295 1635 vico
313 1590 510 1648 Philippo
533 1602 739 1648 regnante
769 1589 1039 1647 compositiS,
1074 1602 1180 1646 quae
1210 1587 1383 1630 ruinosa
1416 1598 1456 1629 et
1486 1596 1690 1629 vetustate

200 1669 430 1711 immatura
449 1666 625 1724 dilapsa,
649 1667 735 1723 jam
754 1664 960 1709 hodierna
974 1664 1041 1708 die
1063 1665 1314 1721 interpretes
1331 1675 1372 1706 et
1387 1663 1688 1720 grammaticos

204 1744 459 1789 desiderant.
484 1745 687 1787 Attamen
709 1742 773 1786 his
794 1741 909 1786 libris
934 1757 1074 1785 mores
1096 1741 1244 1784 aetatis
1267 1755 1365 1783 suae
1394 1750 1688 1797 expresserunt

203 1837 291 1865 non
318 1821 458 1864 alieno
488 1835 686 1863 sermone
717 1820 927 1877 peregrini
949 1818 1166 1870 homines,
1197 1815 1269 1860 sed
1294 1828 1441 1860 nostra
1466 1814 1693 1859 vernacula

204 1898 348 1956 lingua
371 1898 553 1955 majores
574 1897 726 1949 nostri,
751 1897 840 1939 imo
877 1896 943 1939 avi
976 1895 1127 1949 nostri,
1158 1895 1247 1937 imo
1280 1905 1418 1951 patres
1451 1892 1604 1935 nostri.
1637 1916 1690 1922 —

207 1975 351 2026 Quam
367 1974 492 2018 citius
513 1985 656 2017 autem
668 1972 837 2016 vacillat
849 1984 889 2015 et
904 1973 1064 2016 corruit
1080 1971 1208 2028 lyrica
1227 1970 1366 2028 poesis
1383 1969 1391 2011 ἕ
1414 1968 1538 2018 Quae
1554 1967 1691 2026 pridie

207 2063 396 2095 amantes
454 2050 612 2102 dixere,
670 2051 754 2107 jam
812 2065 900 2093 non
947 2047 1191 2105 intelligunt
1244 2045 1493 2104 posterioris
1548 2045 1693 2087 aetatis

206 2140 416 2180 amanteS,
446 2125 519 2170 sed
540 2126 619 2170 soli
639 2125 868 2184 philologi!
901 2123 1002 2168 Inde
1029 2124 1074 2168 fit
1110 2135 1155 2167 ut
1190 2138 1340 2166 omnes
1372 2120 1566 2179 ejusdem
1602 2134 1688 2162 sae-

206 2204 293 2248 culi
314 2203 434 2262 lyrici
457 2203 701 2261 saepissime
714 2200 910 2245 eamdem
932 2199 1187 2244 cantilenam
1208 2210 1421 2244 recantare
1440 2195 1662 2241 videantur
1683 2209 1691 2235 :

209 2295 310 2324 nam
355 2292 521 2324 suetam
561 2279 704 2336 elapso
741 2277 909 2321 saeculo
949 2275 1160 2320 sentiendi
1211 2273 1465 2331 dicendique
1513 2271 1694 2315 modum

207 2359 279 2403 vix
299 2358 551 2401 summatim
573 2356 848 2414 percipimus.
876 2355 985 2405 Quis
1013 2352 1118 2397 adeo
1152 2351 1319 2396 subtilis
1354 2363 1396 2394 et
1425 2361 1695 2394 emmunctae

213 2436 324 2479 naris
342 2447 405 2479 est
430 2446 476 2477 ut
503 2432 721 2477 Catullum
749 2447 771 2475 a
790 2430 985 2485 Tibullo,
1013 2429 1235 2474 Tibullum
1258 2443 1280 2471 a
1306 2426 1528 2484 Propertio
1555 2426 1697 2482 primo

213 2511 413 2569 adspectu
436 2510 842 2554 discernat?Nonne
864 2507 1073 2551 simillimi
1097 2508 1285 2564 primum
1306 2502 1501 2547 Tibullus
1521 2503 1698 2559 Proper-

210 2589 379 2645 tiusque
422 2585 637 2639 videntur,
682 2586 789 2628 sicut
829 2584 954 2628 Cono
996 2581 1294 2626 Bethuniensis
1338 2591 1379 2622 et
1411 2577 1509 2621 The
1521 2575 1697 2620 obaldus

214 2663 472 2721 Campaniae
494 2663 664 2706 comes?
686 2662 814 2715 Quis,
844 2661 924 2703 nisi
957 2658 1161 2702 Ludovici
1186 2657 1296 2700 tertii
1325 2654 1483 2698 decimi
1505 2666 1697 2709 tempora
