<?xml version="1.0" encoding="UTF-8"?>
<!DOCTYPE html PUBLIC "-//W3C//DTD XHTML 1.0 Transitional//EN"
    "http://www.w3.org/TR/xhtml1/DTD/xhtml1-transitional.dtd">
<html xmlns="http://www.w3.org/1999/xhtml" xml:lang="en" lang="en">
 <head>
  <title>
</title>
<meta http-equiv="Content-Type" content="text/html;charset=utf-8" />
  <meta name='ocr-system' content='tesseract 3.04.00' />
  <meta name='ocr-capabilities' content='ocr_page ocr_carea ocr_par ocr_line ocrx_word'/>
</head>
<body>
  <div class='ocr_page' id='page_1' title='image "./denicolaomusetog00bduoft_0013.png"; bbox 0 0 1851 2980; ppageno 0'>
   <div class='ocr_carea' id='block_1_1' title="bbox 607 440 1247 496">
    <p class='ocr_par' dir='ltr' id='par_1_1' title="bbox 607 440 1247 496">
     <span class='ocr_line' id='line_1_1' title="bbox 607 440 1247 496; baseline -0.003 -1"><span class='ocrx_word' id='word_1_1' title='bbox 607 441 866 496; x_wconf 89' lang='lat' dir='ltr'><strong>CAPUT</strong></span> <span class='ocrx_word' id='word_1_2' title='bbox 938 440 1247 495; x_wconf 91' lang='lat' dir='ltr'><strong>PRIMUM</strong></span> 
     </span>
    </p>
   </div>
   <div class='ocr_carea' id='block_1_2' title="bbox 185 620 1672 673">
    <p class='ocr_par' dir='ltr' id='par_1_2' title="bbox 185 620 1672 673">
     <span class='ocr_line' id='line_1_2' title="bbox 185 620 1672 673; baseline -0.003 -9"><span class='ocrx_word' id='word_1_3' title='bbox 185 620 306 671; x_wconf 85' lang='lat' dir='ltr'><strong>QUID</strong></span> <span class='ocrx_word' id='word_1_4' title='bbox 321 634 394 664; x_wconf 88' lang='lat' dir='ltr'>SIBI</span> <span class='ocrx_word' id='word_1_5' title='bbox 416 633 713 664; x_wconf 83' lang='lat' dir='ltr'><strong>TRACTANDUM</strong></span> <span class='ocrx_word' id='word_1_6' title='bbox 734 631 1025 663; x_wconf 90' lang='lat' dir='ltr'><strong>PROPOSUERIT</strong></span> <span class='ocrx_word' id='word_1_7' title='bbox 1045 631 1230 673; x_wconf 89' lang='lat' dir='ltr'><strong>HUJUSCE</strong></span> <span class='ocrx_word' id='word_1_8' title='bbox 1250 630 1462 661; x_wconf 87' lang='lat' dir='ltr'><strong>OPUSCULI</strong></span> <span class='ocrx_word' id='word_1_9' title='bbox 1481 630 1672 661; x_wconf 85' lang='lat' dir='ltr'><strong>AUCTOR.</strong></span> 
     </span>
    </p>
   </div>
   <div class='ocr_carea' id='block_1_3' title="bbox 186 886 1683 2399">
    <p class='ocr_par' dir='ltr' id='par_1_3' title="bbox 186 886 1680 2246">
     <span class='ocr_line' id='line_1_3' title="bbox 245 886 1673 948; baseline -0.003 -14"><span class='ocrx_word' id='word_1_10' title='bbox 245 889 372 935; x_wconf 87' lang='lat' dir='ltr'>Haud</span> <span class='ocrx_word' id='word_1_11' title='bbox 397 888 566 948; x_wconf 83' lang='lat' dir='ltr'>illepide</span> <span class='ocrx_word' id='word_1_12' title='bbox 586 888 692 933; x_wconf 84' lang='lat' dir='ltr'>dixit</span> <span class='ocrx_word' id='word_1_13' title='bbox 718 889 928 932; x_wconf 86' lang='lat' dir='ltr'>recentior</span> <span class='ocrx_word' id='word_1_14' title='bbox 963 886 1092 931; x_wconf 88' lang='lat' dir='ltr'>medii</span> <span class='ocrx_word' id='word_1_15' title='bbox 1130 888 1221 931; x_wconf 84' lang='lat' dir='ltr'>aevi</span> <span class='ocrx_word' id='word_1_16' title='bbox 1258 902 1435 945; x_wconf 86' lang='lat' dir='ltr'>poeseos</span> <span class='ocrx_word' id='word_1_17' title='bbox 1472 888 1673 931; x_wconf 88' lang='lat' dir='ltr'>aestima-</span> 
     </span>
     <span class='ocr_line' id='line_1_4' title="bbox 186 961 1672 1023; baseline -0.003 -12"><span class='ocrx_word' id='word_1_18' title='bbox 186 980 284 1011; x_wconf 90' lang='lat' dir='ltr'>tor:</span> <span class='ocrx_word' id='word_1_19' title='bbox 318 982 338 1006; x_wconf 93' lang='lat'>«</span> <span class='ocrx_word' id='word_1_20' title='bbox 374 964 629 1023; x_wconf 85' lang='lat' dir='ltr'>Plerumque</span> <span class='ocrx_word' id='word_1_21' title='bbox 665 963 817 1008; x_wconf 90' lang='lat' dir='ltr'>accidit</span> <span class='ocrx_word' id='word_1_22' title='bbox 843 976 889 1008; x_wconf 91' lang='lat' dir='ltr'>ut</span> <span class='ocrx_word' id='word_1_23' title='bbox 915 963 1025 1021; x_wconf 90' lang='lat' dir='ltr'>stylo</span> <span class='ocrx_word' id='word_1_24' title='bbox 1058 978 1147 1007; x_wconf 88' lang='lat' dir='ltr'>non</span> <span class='ocrx_word' id='word_1_25' title='bbox 1188 964 1372 1021; x_wconf 86' lang='lat' dir='ltr'>scriptor</span> <span class='ocrx_word' id='word_1_26' title='bbox 1407 961 1556 1017; x_wconf 88' lang='lat' dir='ltr'>modo,</span> <span class='ocrx_word' id='word_1_27' title='bbox 1599 962 1672 1007; x_wconf 92' lang='lat' dir='ltr'>sed</span> 
     </span>
     <span class='ocr_line' id='line_1_5' title="bbox 187 1038 1674 1098; baseline -0.002 -14"><span class='ocrx_word' id='word_1_28' title='bbox 187 1041 320 1085; x_wconf 91' lang='lat' dir='ltr'>homo</span> <span class='ocrx_word' id='word_1_29' title='bbox 357 1053 472 1085; x_wconf 87' lang='lat' dir='ltr'>totus</span> <span class='ocrx_word' id='word_1_30' title='bbox 498 1039 760 1098; x_wconf 86' lang='lat' dir='ltr'>significetur</span> <span class='ocrx_word' id='word_1_31' title='bbox 785 1052 825 1083; x_wconf 92' lang='lat' dir='ltr'>et</span> <span class='ocrx_word' id='word_1_32' title='bbox 861 1038 1061 1083; x_wconf 91' lang='lat' dir='ltr'>nudetur.</span> <span class='ocrx_word' id='word_1_33' title='bbox 1096 1039 1139 1082; x_wconf 88' lang='lat' dir='ltr'>Si</span> <span class='ocrx_word' id='word_1_34' title='bbox 1175 1051 1317 1082; x_wconf 89' lang='lat' dir='ltr'>tamen</span> <span class='ocrx_word' id='word_1_35' title='bbox 1357 1038 1504 1082; x_wconf 90' lang='lat' dir='ltr'>decem</span> <span class='ocrx_word' id='word_1_36' title='bbox 1544 1038 1674 1082; x_wconf 87' lang='lat' dir='ltr'>medii</span> 
     </span>
     <span class='ocr_line' id='line_1_6' title="bbox 187 1114 1670 1175; baseline -0.002 -14"><span class='ocrx_word' id='word_1_37' title='bbox 187 1119 278 1161; x_wconf 84' lang='lat' dir='ltr'>aevi</span> <span class='ocrx_word' id='word_1_38' title='bbox 305 1117 459 1175; x_wconf 87' lang='lat' dir='ltr'>lyricos</span> <span class='ocrx_word' id='word_1_39' title='bbox 480 1117 589 1161; x_wconf 89' lang='lat' dir='ltr'>inter</span> <span class='ocrx_word' id='word_1_40' title='bbox 601 1133 644 1160; x_wconf 90' lang='lat' dir='ltr'>se</span> <span class='ocrx_word' id='word_1_41' title='bbox 671 1115 917 1170; x_wconf 89' lang='lat' dir='ltr'>contuleris,</span> <span class='ocrx_word' id='word_1_42' title='bbox 943 1131 1033 1159; x_wconf 93' lang='lat' dir='ltr'>non</span> <span class='ocrx_word' id='word_1_43' title='bbox 1058 1115 1255 1159; x_wconf 88' lang='lat' dir='ltr'>homines</span> <span class='ocrx_word' id='word_1_44' title='bbox 1278 1114 1426 1159; x_wconf 92' lang='lat' dir='ltr'>decem</span> <span class='ocrx_word' id='word_1_45' title='bbox 1453 1130 1670 1173; x_wconf 82' lang='lat' dir='ltr'>agnosces,</span> 
     </span>
     <span class='ocr_line' id='line_1_7' title="bbox 188 1190 1674 1252; baseline -0.002 -15"><span class='ocrx_word' id='word_1_46' title='bbox 188 1192 261 1237; x_wconf 92' lang='lat' dir='ltr'>sed</span> <span class='ocrx_word' id='word_1_47' title='bbox 287 1193 467 1252; x_wconf 87' lang='lat' dir='ltr'>lyricum</span> <span class='ocrx_word' id='word_1_48' title='bbox 488 1199 659 1238; x_wconf 86' lang='lat' dir='ltr'>unum1.</span> <span class='ocrx_word' id='word_1_49' title='bbox 685 1210 705 1233; x_wconf 88' lang='lat'>»</span> <span class='ocrx_word' id='word_1_50' title='bbox 738 1191 870 1243; x_wconf 85' lang='lat' dir='ltr'>Quod</span> <span class='ocrx_word' id='word_1_51' title='bbox 896 1191 1019 1236; x_wconf 86' lang='lat' dir='ltr'>faceti</span> <span class='ocrx_word' id='word_1_52' title='bbox 1048 1191 1237 1236; x_wconf 87' lang='lat' dir='ltr'>hominis</span> <span class='ocrx_word' id='word_1_53' title='bbox 1262 1207 1339 1235; x_wconf 91' lang='lat' dir='ltr'>nec</span> <span class='ocrx_word' id='word_1_54' title='bbox 1358 1207 1446 1235; x_wconf 92' lang='lat' dir='ltr'>non</span> <span class='ocrx_word' id='word_1_55' title='bbox 1466 1190 1674 1235; x_wconf 83' lang='lat' dir='ltr'>fastidiosi</span> 
     </span>
     <span class='ocr_line' id='line_1_8' title="bbox 187 1267 1675 1327; baseline -0.001 -14"><span class='ocrx_word' id='word_1_56' title='bbox 187 1269 393 1327; x_wconf 88' lang='lat' dir='ltr'>judicium</span> <span class='ocrx_word' id='word_1_57' title='bbox 419 1269 572 1327; x_wconf 87' lang='lat' dir='ltr'>judicia</span> <span class='ocrx_word' id='word_1_58' title='bbox 607 1269 693 1312; x_wconf 90' lang='lat' dir='ltr'>fere</span> <span class='ocrx_word' id='word_1_59' title='bbox 726 1269 921 1312; x_wconf 89' lang='lat' dir='ltr'>omnium</span> <span class='ocrx_word' id='word_1_60' title='bbox 961 1268 1210 1312; x_wconf 89' lang='lat' dir='ltr'>communia</span> <span class='ocrx_word' id='word_1_61' title='bbox 1248 1269 1292 1311; x_wconf 91' lang='lat' dir='ltr'>in</span> <span class='ocrx_word' id='word_1_62' title='bbox 1329 1267 1453 1312; x_wconf 83' lang='lat' dir='ltr'>breve</span> <span class='ocrx_word' id='word_1_63' title='bbox 1489 1270 1604 1326; x_wconf 81' lang='lat' dir='ltr'>cogit</span> <span class='ocrx_word' id='word_1_64' title='bbox 1635 1280 1675 1311; x_wconf 90' lang='lat' dir='ltr'>et</span> 
     </span>
     <span class='ocr_line' id='line_1_9' title="bbox 188 1344 1675 1405; baseline -0.001 -15"><span class='ocrx_word' id='word_1_65' title='bbox 188 1359 230 1390; x_wconf 91' lang='lat' dir='ltr'>et</span> <span class='ocrx_word' id='word_1_66' title='bbox 255 1346 569 1405; x_wconf 87' lang='lat' dir='ltr'>complectitur.</span> <span class='ocrx_word' id='word_1_67' title='bbox 595 1346 770 1404; x_wconf 86' lang='lat' dir='ltr'>Quippe</span> <span class='ocrx_word' id='word_1_68' title='bbox 798 1345 849 1388; x_wconf 92' lang='lat' dir='ltr'>de</span> <span class='ocrx_word' id='word_1_69' title='bbox 872 1345 1131 1389; x_wconf 85' lang='lat' dir='ltr'>nostratibus</span> <span class='ocrx_word' id='word_1_70' title='bbox 1154 1344 1283 1388; x_wconf 91' lang='lat' dir='ltr'>medii</span> <span class='ocrx_word' id='word_1_71' title='bbox 1308 1346 1398 1389; x_wconf 86' lang='lat' dir='ltr'>aevi</span> <span class='ocrx_word' id='word_1_72' title='bbox 1435 1345 1675 1388; x_wconf 84' lang='lat' dir='ltr'>carminum</span> 
     </span>
     <span class='ocr_line' id='line_1_10' title="bbox 187 1420 1671 1482; baseline -0.002 -15"><span class='ocrx_word' id='word_1_73' title='bbox 187 1422 463 1482; x_wconf 88' lang='lat' dir='ltr'>scriptoribus</span> <span class='ocrx_word' id='word_1_74' title='bbox 504 1421 658 1466; x_wconf 91' lang='lat' dir='ltr'>eruditi</span> <span class='ocrx_word' id='word_1_75' title='bbox 687 1437 838 1466; x_wconf 90' lang='lat' dir='ltr'>omnes</span> <span class='ocrx_word' id='word_1_76' title='bbox 874 1420 960 1465; x_wconf 90' lang='lat' dir='ltr'>fere</span> <span class='ocrx_word' id='word_1_77' title='bbox 989 1421 1041 1465; x_wconf 87' lang='lat' dir='ltr'>ad</span> <span class='ocrx_word' id='word_1_78' title='bbox 1083 1438 1218 1465; x_wconf 87' lang='lat' dir='ltr'>unum</span> <span class='ocrx_word' id='word_1_79' title='bbox 1262 1420 1378 1464; x_wconf 90' lang='lat' dir='ltr'>idem</span> <span class='ocrx_word' id='word_1_80' title='bbox 1429 1422 1619 1465; x_wconf 89' lang='lat' dir='ltr'>sentiunt</span> <span class='ocrx_word' id='word_1_81' title='bbox 1662 1437 1671 1464; x_wconf 92' lang='lat'><strong>:</strong></span> 
     </span>
     <span class='ocr_line' id='line_1_11' title="bbox 188 1497 1675 1557; baseline -0.002 -14"><span class='ocrx_word' id='word_1_82' title='bbox 188 1499 348 1544; x_wconf 89' lang='lat' dir='ltr'>scilicet</span> <span class='ocrx_word' id='word_1_83' title='bbox 375 1512 522 1557; x_wconf 89' lang='lat' dir='ltr'>poetas</span> <span class='ocrx_word' id='word_1_84' title='bbox 543 1500 662 1552; x_wconf 88' lang='lat' dir='ltr'>istos,</span> <span class='ocrx_word' id='word_1_85' title='bbox 691 1499 802 1542; x_wconf 88' lang='lat' dir='ltr'>inter</span> <span class='ocrx_word' id='word_1_86' title='bbox 828 1514 871 1541; x_wconf 91' lang='lat' dir='ltr'>se</span> <span class='ocrx_word' id='word_1_87' title='bbox 903 1499 1271 1555; x_wconf 88' lang='lat' dir='ltr'>germanissimos,</span> <span class='ocrx_word' id='word_1_88' title='bbox 1308 1497 1534 1541; x_wconf 88' lang='lat' dir='ltr'>indiscreta</span> <span class='ocrx_word' id='word_1_89' title='bbox 1572 1513 1675 1555; x_wconf 87' lang='lat' dir='ltr'>qua-</span> 
     </span>
     <span class='ocr_line' id='line_1_12' title="bbox 188 1573 1673 1634; baseline -0.002 -14"><span class='ocrx_word' id='word_1_90' title='bbox 188 1576 286 1620; x_wconf 91' lang='lat' dir='ltr'>dam</span> <span class='ocrx_word' id='word_1_91' title='bbox 313 1577 567 1634; x_wconf 87' lang='lat' dir='ltr'>cognatione</span> <span class='ocrx_word' id='word_1_92' title='bbox 592 1575 762 1620; x_wconf 88' lang='lat' dir='ltr'>vultum</span> <span class='ocrx_word' id='word_1_93' title='bbox 789 1573 1006 1628; x_wconf 89' lang='lat' dir='ltr'>eumdem,</span> <span class='ocrx_word' id='word_1_94' title='bbox 1032 1573 1231 1618; x_wconf 88' lang='lat' dir='ltr'>eamdem</span> <span class='ocrx_word' id='word_1_95' title='bbox 1249 1576 1436 1633; x_wconf 89' lang='lat' dir='ltr'>speciem</span> <span class='ocrx_word' id='word_1_96' title='bbox 1463 1574 1673 1629; x_wconf 81' lang='lat' dir='ltr'>retulisse3</span> 
     </span>
     <span class='ocr_line' id='line_1_13' title="bbox 192 1651 1678 1710; baseline -0.001 -14"><span class='ocrx_word' id='word_1_97' title='bbox 192 1668 330 1710; x_wconf 90' lang='lat' dir='ltr'>neque</span> <span class='ocrx_word' id='word_1_98' title='bbox 351 1652 413 1696; x_wconf 91' lang='lat' dir='ltr'>lac</span> <span class='ocrx_word' id='word_1_99' title='bbox 451 1652 564 1704; x_wconf 88' lang='lat' dir='ltr'>lacti,</span> <span class='ocrx_word' id='word_1_100' title='bbox 595 1667 733 1710; x_wconf 89' lang='lat' dir='ltr'>neque</span> <span class='ocrx_word' id='word_1_101' title='bbox 778 1666 910 1695; x_wconf 88' lang='lat' dir='ltr'>ovum</span> <span class='ocrx_word' id='word_1_102' title='bbox 949 1666 1032 1695; x_wconf 82' lang='lat' dir='ltr'>ovo</span> <span class='ocrx_word' id='word_1_103' title='bbox 1072 1651 1272 1695; x_wconf 90' lang='lat' dir='ltr'>similius.</span> <span class='ocrx_word' id='word_1_104' title='bbox 1321 1652 1491 1709; x_wconf 89' lang='lat' dir='ltr'>Nempe</span> <span class='ocrx_word' id='word_1_105' title='bbox 1527 1667 1678 1695; x_wconf 89' lang='lat' dir='ltr'>omnes</span> 
     </span>
     <span class='ocr_line' id='line_1_14' title="bbox 191 1727 1680 1786; baseline -0.001 -13"><span class='ocrx_word' id='word_1_106' title='bbox 191 1730 365 1773; x_wconf 88' lang='lat' dir='ltr'>eosdem</span> <span class='ocrx_word' id='word_1_107' title='bbox 393 1744 645 1773; x_wconf 91' lang='lat' dir='ltr'>communes</span> <span class='ocrx_word' id='word_1_108' title='bbox 666 1727 782 1772; x_wconf 89' lang='lat' dir='ltr'>locos</span> <span class='ocrx_word' id='word_1_109' title='bbox 806 1741 1092 1781; x_wconf 85' lang='lat' dir='ltr'>recantavere,</span> <span class='ocrx_word' id='word_1_110' title='bbox 1128 1744 1235 1786; x_wconf 90' lang='lat' dir='ltr'>quos</span> <span class='ocrx_word' id='word_1_111' title='bbox 1264 1729 1398 1785; x_wconf 90' lang='lat' dir='ltr'>ipsos,</span> <span class='ocrx_word' id='word_1_112' title='bbox 1430 1727 1481 1771; x_wconf 92' lang='lat' dir='ltr'>ad</span> <span class='ocrx_word' id='word_1_113' title='bbox 1510 1730 1680 1786; x_wconf 85' lang='lat' dir='ltr'>excogi-</span> 
     </span>
     <span class='ocr_line' id='line_1_15' title="bbox 191 1804 1678 1862; baseline -0.001 -13"><span class='ocrx_word' id='word_1_114' title='bbox 191 1805 368 1850; x_wconf 86' lang='lat' dir='ltr'>tandum</span> <span class='ocrx_word' id='word_1_115' title='bbox 389 1805 577 1858; x_wconf 87' lang='lat' dir='ltr'>hebetes,</span> <span class='ocrx_word' id='word_1_116' title='bbox 595 1821 645 1848; x_wconf 84' lang='lat' dir='ltr'>ex</span> <span class='ocrx_word' id='word_1_117' title='bbox 665 1804 817 1848; x_wconf 88' lang='lat' dir='ltr'>alienis</span> <span class='ocrx_word' id='word_1_118' title='bbox 841 1804 1023 1848; x_wconf 88' lang='lat' dir='ltr'>hortulis</span> <span class='ocrx_word' id='word_1_119' title='bbox 1042 1830 1100 1835; x_wconf 91' lang='lat'>—</span> <span class='ocrx_word' id='word_1_120' title='bbox 1117 1804 1276 1848; x_wconf 90' lang='lat' dir='ltr'>scilicet</span> <span class='ocrx_word' id='word_1_121' title='bbox 1293 1820 1343 1847; x_wconf 85' lang='lat' dir='ltr'>ex</span> <span class='ocrx_word' id='word_1_122' title='bbox 1359 1805 1605 1862; x_wconf 88' lang='lat' dir='ltr'>Aquitania,</span> <span class='ocrx_word' id='word_1_123' title='bbox 1623 1829 1678 1836; x_wconf 92' lang='lat'>——</span> 
     </span>
     <span class='ocr_line' id='line_1_16' title="bbox 189 1880 1678 1939; baseline 0 -14"><span class='ocrx_word' id='word_1_124' title='bbox 189 1882 314 1927; x_wconf 90' lang='lat' dir='ltr'>furati</span> <span class='ocrx_word' id='word_1_125' title='bbox 349 1895 463 1926; x_wconf 90' lang='lat' dir='ltr'>sunt.</span> <span class='ocrx_word' id='word_1_126' title='bbox 504 1883 616 1936; x_wconf 89' lang='lat' dir='ltr'>Imo,</span> <span class='ocrx_word' id='word_1_127' title='bbox 657 1883 692 1924; x_wconf 91' lang='lat' dir='ltr'>si</span> <span class='ocrx_word' id='word_1_128' title='bbox 733 1882 1030 1925; x_wconf 88' lang='lat' dir='ltr'>recentissimo</span> <span class='ocrx_word' id='word_1_129' title='bbox 1067 1880 1295 1939; x_wconf 87' lang='lat' dir='ltr'>eidemque</span> <span class='ocrx_word' id='word_1_130' title='bbox 1335 1882 1493 1924; x_wconf 82' lang='lat' dir='ltr'>eximio</span> <span class='ocrx_word' id='word_1_131' title='bbox 1533 1882 1678 1925; x_wconf 89' lang='lat' dir='ltr'>critico</span> 
     </span>
     <span class='ocr_line' id='line_1_17' title="bbox 191 1956 1679 2016; baseline -0.001 -14"><span class='ocrx_word' id='word_1_132' title='bbox 191 1957 351 2012; x_wconf 91' lang='lat' dir='ltr'>credas,</span> <span class='ocrx_word' id='word_1_133' title='bbox 396 1975 416 1999; x_wconf 89' lang='lat'>«</span> <span class='ocrx_word' id='word_1_134' title='bbox 457 1957 732 2016; x_wconf 84' lang='lat' dir='ltr'>frigidissima</span> <span class='ocrx_word' id='word_1_135' title='bbox 777 1956 1135 2015; x_wconf 86' lang='lat' dir='ltr'>putidissimaque</span> <span class='ocrx_word' id='word_1_136' title='bbox 1173 1973 1300 2015; x_wconf 88' lang='lat' dir='ltr'>opera</span> <span class='ocrx_word' id='word_1_137' title='bbox 1344 1957 1679 2002; x_wconf 74' lang='lat' dir='ltr'>Provincialium</span> 
     </span>
     <span class='ocr_line' id='line_1_18' title="bbox 188 2033 1677 2092; baseline -0.001 -13"><span class='ocrx_word' id='word_1_138' title='bbox 188 2036 342 2079; x_wconf 88' lang='lat' dir='ltr'>imitati</span> <span class='ocrx_word' id='word_1_139' title='bbox 375 2048 490 2088; x_wconf 88' lang='lat' dir='ltr'>sunt,</span> <span class='ocrx_word' id='word_1_140' title='bbox 520 2047 612 2078; x_wconf 87' lang='lat' dir='ltr'>orta</span> <span class='ocrx_word' id='word_1_141' title='bbox 635 2034 795 2078; x_wconf 92' lang='lat' dir='ltr'>scilicet</span> <span class='ocrx_word' id='word_1_142' title='bbox 822 2033 1093 2092; x_wconf 89' lang='lat' dir='ltr'>dogmatibus</span> <span class='ocrx_word' id='word_1_143' title='bbox 1129 2036 1218 2078; x_wconf 89' lang='lat' dir='ltr'>istis</span> <span class='ocrx_word' id='word_1_144' title='bbox 1259 2033 1488 2078; x_wconf 81' lang='lat' dir='ltr'>reconditis</span> <span class='ocrx_word' id='word_1_145' title='bbox 1523 2034 1677 2092; x_wconf 86' lang='lat' dir='ltr'>quibus</span> 
     </span>
     <span class='ocr_line' id='line_1_19' title="bbox 187 2111 1678 2169; baseline -0.001 -14"><span class='ocrx_word' id='word_1_146' title='bbox 187 2127 296 2155; x_wconf 89' lang='lat' dir='ltr'>vena</span> <span class='ocrx_word' id='word_1_147' title='bbox 316 2111 383 2156; x_wconf 89' lang='lat' dir='ltr'>vel</span> <span class='ocrx_word' id='word_1_148' title='bbox 406 2113 591 2155; x_wconf 83' lang='lat' dir='ltr'>maxime</span> <span class='ocrx_word' id='word_1_149' title='bbox 611 2112 718 2169; x_wconf 87' lang='lat' dir='ltr'>jugis</span> <span class='ocrx_word' id='word_1_150' title='bbox 749 2123 973 2164; x_wconf 87' lang='lat' dir='ltr'>aresceret,</span> <span class='ocrx_word' id='word_1_151' title='bbox 1007 2112 1248 2169; x_wconf 88' lang='lat' dir='ltr'>imitatique</span> <span class='ocrx_word' id='word_1_152' title='bbox 1285 2123 1384 2155; x_wconf 91' lang='lat' dir='ltr'>sunt</span> <span class='ocrx_word' id='word_1_153' title='bbox 1416 2126 1463 2155; x_wconf 89' lang='lat' dir='ltr'>ea</span> <span class='ocrx_word' id='word_1_154' title='bbox 1493 2112 1678 2155; x_wconf 89' lang='lat' dir='ltr'>minimo</span> 
     </span>
     <span class='ocr_line' id='line_1_20' title="bbox 191 2186 1549 2246; baseline -0.002 -14"><span class='ocrx_word' id='word_1_155' title='bbox 191 2188 387 2243; x_wconf 88' lang='lat' dir='ltr'>consilio,</span> <span class='ocrx_word' id='word_1_156' title='bbox 411 2187 700 2232; x_wconf 87' lang='lat' dir='ltr'>aemulatione</span> <span class='ocrx_word' id='word_1_157' title='bbox 723 2187 882 2241; x_wconf 88' lang='lat' dir='ltr'>servili,</span> <span class='ocrx_word' id='word_1_158' title='bbox 906 2186 1001 2231; x_wconf 92' lang='lat' dir='ltr'>rudi</span> <span class='ocrx_word' id='word_1_159' title='bbox 1026 2188 1219 2231; x_wconf 89' lang='lat' dir='ltr'>tironum</span> <span class='ocrx_word' id='word_1_160' title='bbox 1240 2188 1453 2246; x_wconf 89' lang='lat' dir='ltr'>imperitia</span> <span class='ocrx_word' id='word_1_161' title='bbox 1468 2196 1500 2231; x_wconf 88' lang='lat'>².</span> <span class='ocrx_word' id='word_1_162' title='bbox 1530 2204 1549 2228; x_wconf 87' lang='grc'>))</span> 
     </span>
    </p>

    <p class='ocr_par' dir='ltr' id='par_1_4' title="bbox 194 2264 1683 2399">
     <span class='ocr_line' id='line_1_21' title="bbox 252 2264 1683 2322; baseline -0.001 -13"><span class='ocrx_word' id='word_1_163' title='bbox 252 2265 335 2309; x_wconf 88' lang='lat' dir='ltr'>Cui</span> <span class='ocrx_word' id='word_1_164' title='bbox 362 2264 538 2322; x_wconf 87' lang='lat' dir='ltr'>judicio,</span> <span class='ocrx_word' id='word_1_165' title='bbox 559 2265 806 2308; x_wconf 89' lang='lat' dir='ltr'>summatim</span> <span class='ocrx_word' id='word_1_166' title='bbox 825 2279 977 2322; x_wconf 84' lang='lat' dir='ltr'>aequo,</span> <span class='ocrx_word' id='word_1_167' title='bbox 1002 2265 1151 2322; x_wconf 88' lang='lat' dir='ltr'>iniquo</span> <span class='ocrx_word' id='word_1_168' title='bbox 1176 2276 1317 2308; x_wconf 86' lang='lat' dir='ltr'>tamen</span> <span class='ocrx_word' id='word_1_169' title='bbox 1338 2266 1372 2308; x_wconf 94' lang='lat' dir='ltr'>si</span> <span class='ocrx_word' id='word_1_170' title='bbox 1397 2280 1488 2308; x_wconf 92' lang='lat' dir='ltr'>rem</span> <span class='ocrx_word' id='word_1_171' title='bbox 1512 2280 1683 2308; x_wconf 89' lang='lat' dir='ltr'>accura-</span> 
     </span>
     <span class='ocr_line' id='line_1_22' title="bbox 194 2340 1166 2399; baseline -0.001 -14"><span class='ocrx_word' id='word_1_172' title='bbox 194 2342 278 2385; x_wconf 88' lang='lat' dir='ltr'>tius</span> <span class='ocrx_word' id='word_1_173' title='bbox 301 2342 614 2399; x_wconf 88' lang='lat' dir='ltr'>recognoveris,</span> <span class='ocrx_word' id='word_1_174' title='bbox 639 2357 728 2384; x_wconf 92' lang='lat' dir='ltr'>non</span> <span class='ocrx_word' id='word_1_175' title='bbox 750 2340 872 2399; x_wconf 85' lang='lat' dir='ltr'>plane</span> <span class='ocrx_word' id='word_1_176' title='bbox 895 2341 1166 2384; x_wconf 87' lang='lat' dir='ltr'>assentimur.</span> 
     </span>
    </p>
   </div>
   <div class='ocr_carea' id='block_1_4' title="bbox 199 2460 1688 2674">
    <p class='ocr_par' dir='ltr' id='par_1_5' title="bbox 199 2460 1688 2618">
     <span class='ocr_line' id='line_1_23' title="bbox 245 2460 1688 2508; baseline 0 -12"><span class='ocrx_word' id='word_1_177' title='bbox 245 2471 274 2496; x_wconf 90' lang='lat'>1.</span> <span class='ocrx_word' id='word_1_178' title='bbox 303 2460 362 2496; x_wconf 85' lang='lat' dir='ltr'>Cf.</span> <span class='ocrx_word' id='word_1_179' title='bbox 391 2461 431 2496; x_wconf 89' lang='lat' dir='ltr'>L.</span> <span class='ocrx_word' id='word_1_180' title='bbox 467 2461 587 2507; x_wconf 85' lang='lat' dir='ltr'>Passy,</span> <span class='ocrx_word' id='word_1_181' title='bbox 613 2460 765 2495; x_wconf 79' lang='lat' dir='ltr'>Biblioth.</span> <span class='ocrx_word' id='word_1_182' title='bbox 794 2461 832 2494; x_wconf 81' lang='lat' dir='ltr'>de</span> <span class='ocrx_word' id='word_1_183' title='bbox 862 2460 980 2495; x_wconf 74' lang='lat' dir='ltr'>l&#39;Ecole</span> <span class='ocrx_word' id='word_1_184' title='bbox 1014 2461 1066 2495; x_wconf 84' lang='lat' dir='ltr'>des</span> <span class='ocrx_word' id='word_1_185' title='bbox 1099 2461 1246 2503; x_wconf 82' lang='lat' dir='ltr'>Chartes,</span> <span class='ocrx_word' id='word_1_186' title='bbox 1276 2469 1301 2496; x_wconf 89' lang='lat' dir='ltr'>t.</span> <span class='ocrx_word' id='word_1_187' title='bbox 1335 2460 1416 2503; x_wconf 88' lang='lat' dir='ltr'>XX,</span> <span class='ocrx_word' id='word_1_188' title='bbox 1445 2473 1478 2508; x_wconf 91' lang='lat' dir='ltr'>p.</span> <span class='ocrx_word' id='word_1_189' title='bbox 1514 2473 1526 2496; x_wconf 86' lang='lat'>1</span> <span class='ocrx_word' id='word_1_190' title='bbox 1559 2473 1565 2495; x_wconf 71' lang='grc' dir='ltr'><em>τ</em></span> <span class='ocrx_word' id='word_1_191' title='bbox 1598 2475 1615 2494; x_wconf 89' lang='grc'>«</span> <span class='ocrx_word' id='word_1_192' title='bbox 1641 2460 1688 2496; x_wconf 87' lang='lat' dir='ltr'>Le</span> 
     </span>
     <span class='ocr_line' id='line_1_24' title="bbox 199 2516 1688 2565; baseline 0.001 -14"><span class='ocrx_word' id='word_1_193' title='bbox 199 2517 300 2562; x_wconf 87' lang='lat' dir='ltr'>style,</span> <span class='ocrx_word' id='word_1_194' title='bbox 328 2528 347 2550; x_wconf 85' lang='lat' dir='ltr'>a</span> <span class='ocrx_word' id='word_1_195' title='bbox 366 2517 415 2551; x_wconf 88' lang='lat' dir='ltr'>dit</span> <span class='ocrx_word' id='word_1_196' title='bbox 436 2517 577 2559; x_wconf 83' lang='lat' dir='ltr'>Buffon,</span> <span class='ocrx_word' id='word_1_197' title='bbox 596 2517 678 2551; x_wconf 89' lang='lat' dir='ltr'>c’est</span> <span class='ocrx_word' id='word_1_198' title='bbox 698 2516 872 2551; x_wconf 83' lang='lat' dir='ltr'>l‘homrne</span> <span class='ocrx_word' id='word_1_199' title='bbox 892 2518 1020 2551; x_wconf 79' lang='lat' dir='ltr'>meme.</span> <span class='ocrx_word' id='word_1_200' title='bbox 1054 2517 1187 2551; x_wconf 88' lang='lat' dir='ltr'>Prenez</span> <span class='ocrx_word' id='word_1_201' title='bbox 1214 2517 1272 2551; x_wconf 78' lang='lat' dir='ltr'>dix</span> <span class='ocrx_word' id='word_1_202' title='bbox 1300 2519 1481 2552; x_wconf 82' lang='lat' dir='ltr'>trouveres</span> <span class='ocrx_word' id='word_1_203' title='bbox 1508 2517 1661 2565; x_wconf 86' lang='lat' dir='ltr'>lyriques</span> <span class='ocrx_word' id='word_1_204' title='bbox 1682 2529 1688 2551; x_wconf 90' lang='lat'>:</span> 
     </span>
     <span class='ocr_line' id='line_1_25' title="bbox 200 2572 1416 2618; baseline -0.001 -12"><span class='ocrx_word' id='word_1_205' title='bbox 200 2583 288 2606; x_wconf 80' lang='lat' dir='ltr'>vous</span> <span class='ocrx_word' id='word_1_206' title='bbox 308 2583 352 2606; x_wconf 92' lang='lat' dir='ltr'>ne</span> <span class='ocrx_word' id='word_1_207' title='bbox 370 2581 550 2606; x_wconf 84' lang='lat' dir='ltr'>trouverez</span> <span class='ocrx_word' id='word_1_208' title='bbox 568 2584 628 2618; x_wconf 86' lang='lat' dir='ltr'>pas</span> <span class='ocrx_word' id='word_1_209' title='bbox 649 2573 706 2606; x_wconf 82' lang='lat' dir='ltr'>dix</span> <span class='ocrx_word' id='word_1_210' title='bbox 726 2572 903 2614; x_wconf 83' lang='lat' dir='ltr'>hommes,</span> <span class='ocrx_word' id='word_1_211' title='bbox 928 2573 1015 2607; x_wconf 87' lang='lat' dir='ltr'>mais</span> <span class='ocrx_word' id='word_1_212' title='bbox 1034 2584 1083 2606; x_wconf 87' lang='lat' dir='ltr'>un</span> <span class='ocrx_word' id='word_1_213' title='bbox 1102 2573 1175 2607; x_wconf 86' lang='lat' dir='ltr'>seul</span> <span class='ocrx_word' id='word_1_214' title='bbox 1192 2575 1366 2608; x_wconf 77' lang='lat' dir='ltr'>trouvere.</span> <span class='ocrx_word' id='word_1_215' title='bbox 1398 2587 1416 2605; x_wconf 86' lang='lat'>»</span> 
     </span>
    </p>

    <p class='ocr_par' dir='ltr' id='par_1_6' title="bbox 247 2627 1299 2674">
     <span class='ocr_line' id='line_1_26' title="bbox 247 2627 1299 2674; baseline 0.001 -12"><span class='ocrx_word' id='word_1_216' title='bbox 247 2638 280 2662; x_wconf 92' lang='lat'>2.</span> <span class='ocrx_word' id='word_1_217' title='bbox 310 2627 364 2662; x_wconf 89' lang='lat' dir='ltr'>Cf.</span> <span class='ocrx_word' id='word_1_218' title='bbox 384 2628 548 2674; x_wconf 76' lang='lat' dir='ltr'>Jeanroy,</span> <span class='ocrx_word' id='word_1_219' title='bbox 565 2628 602 2662; x_wconf 82' lang='lat' dir='ltr'>de</span> <span class='ocrx_word' id='word_1_220' title='bbox 620 2629 818 2663; x_wconf 77' lang='lat' dir='ltr'>nostratibus</span> <span class='ocrx_word' id='word_1_221' title='bbox 842 2628 940 2662; x_wconf 79' lang='lat' dir='ltr'>medii</span> <span class='ocrx_word' id='word_1_222' title='bbox 958 2629 1030 2662; x_wconf 79' lang='lat' dir='ltr'>aevi</span> <span class='ocrx_word' id='word_1_223' title='bbox 1040 2630 1142 2674; x_wconf 82' lang='lat' dir='ltr'>poetis</span> <span class='ocrx_word' id='word_1_224' title='bbox 1162 2640 1194 2674; x_wconf 90' lang='lat' dir='ltr'>p.</span> <span class='ocrx_word' id='word_1_225' title='bbox 1223 2628 1299 2664; x_wconf 83' lang='lat'>116.</span> 
     </span>
    </p>
   </div>
  </div>
 </body>
</html>
