1851 2949
768 208 819 213 -
855 184 878 227 8
915 210 966 214 ,-

128 291 295 320 summa
322 275 542 333 diligentia
569 276 816 331 excoluerit,
853 278 1119 335 Segraesium
1148 293 1170 320 a
1200 279 1444 332 Sarraceno,
1473 280 1608 324 Raca-

128 368 234 396 num
249 369 269 395 a
288 352 538 406 Benserada,
560 354 650 397 imo
664 352 877 396 interdum
895 353 1175 398 Benseradani
1192 370 1214 397 a
1231 354 1432 398 Cornelio
1448 370 1605 413 magno

128 428 408 472 discerneret?
434 430 592 473 Nonne
612 428 742 487 judici
770 430 914 473 minus
936 429 1170 474 litterarum
1197 431 1334 488 perito
1360 446 1500 474 sermo
1536 431 1608 475 ille

125 504 378 549 subridicule
424 517 546 548 sonat
592 521 677 563 quo
724 518 914 549 amantes
956 505 1067 564 apud
1109 506 1360 551 Cornelium
1400 519 1599 561 utuntur,

124 583 211 626 sive
236 582 403 625 Erastus
423 580 635 639 loquatur,
673 583 761 626 sive
790 582 950 636 Melita,
989 584 1075 626 sive
1115 584 1244 626 etiam
1276 583 1530 641 Polyeuctus
1560 596 1601 627 et

127 657 328 701 Paulina?
360 659 416 701 At
448 657 641 702 Pleiados
672 671 839 702 nostrae
879 660 1014 717 poetis
1049 660 1350 704 testimonium
1385 659 1604 704 denuntio.

125 736 354 780 Innumera
375 734 425 779 ad
451 735 636 788 Olivam,
665 736 716 780 ad
742 736 958 791 Melinam,
983 735 1034 780 ad
1057 737 1237 790 Deliam,
1264 735 1314 780 ad
1339 738 1603 791 Francinam,

125 811 177 855 ad
226 812 499 857 Cassandram
549 813 737 856 carmina
774 812 927 870 collige
975 829 983 856 :
1035 828 1179 856 nonne
1221 814 1361 871 primo
1403 812 1609 871 adspectu

124 887 299 932 eosdem
326 903 578 932 communes
605 887 723 932 locos
750 904 773 932 a
801 889 994 932 Petrarca
1017 888 1264 947 desumptos
1293 888 1490 934 videntur
1524 890 1607 933 ite-

122 965 242 1008 rare?
263 965 441 1022 Propius
464 976 605 1008 tamen
638 964 786 1009 accede
823 979 831 1005 :
864 965 908 1008 in
946 965 1026 1008 illis
1063 981 1232 1024 quoque
1263 966 1423 1023 species
1463 966 1607 1023 plures

125 1039 441 1098 deprehendere
491 1039 654 1094 licebit3
702 1040 822 1085 facile
869 1040 1140 1085 Ioachimum
1181 1041 1410 1096 Bellaium,
1460 1054 1606 1100 utpote

124 1117 442 1170 humaniorem,
467 1116 517 1160 ab
543 1116 916 1162 alexandrinorum
939 1131 1160 1176 poetarum
1182 1117 1388 1176 discipulo
1406 1120 1606 1177 Remigio

124 1192 374 1251 Bellaquaeo
397 1192 607 1237 discernes
617 1211 628 1247 3
658 1194 910 1238 Mauritium
935 1195 1129 1247 Scevam,
1147 1195 1386 1239 abstrusum
1413 1195 1609 1239 recondi-

123 1283 302 1328 tumque
345 1269 533 1314 Platonis
571 1283 822 1315 sectatorem
859 1272 1119 1315 internosces
1158 1283 1199 1314 et
1230 1270 1443 1316 eruditum
1466 1269 1607 1315 libidi-

122 1362 363 1405 nosumque
383 1345 654 1403 Thyardum.
685 1347 805 1397 Quin
831 1348 978 1402 etiam,
1002 1348 1036 1390 si
1064 1348 1189 1391 unius
1207 1359 1371 1405 poetae,
1390 1346 1602 1392 Ronsardi

70 1437 73 1439 ·
123 1425 297 1478 scilicet,
346 1426 549 1468 amatoria
593 1424 816 1480 evolveris,
859 1442 947 1469 non
983 1425 1181 1469 servilem
1219 1426 1378 1470 Laurae
1420 1425 1606 1483 effigiem

123 1515 333 1545 sectantur
355 1514 394 1545 et
417 1501 660 1546 exscribunt
680 1503 833 1555 Maria,
864 1501 1116 1555 Cassandra,
1152 1502 1315 1546 Helene
1340 1515 1349 1542 ι
1378 1501 1498 1546 facile
1523 1501 1606 1546 dis-

123 1580 285 1622 crimen
321 1577 445 1621 sacies
484 1591 576 1621 tum
612 1579 789 1631 Mariae,
831 1580 1028 1631 rusticae,
1064 1578 1270 1636 simplicis
1300 1577 1607 1636 morbosaeque

124 1654 302 1712 puellae,
329 1668 420 1698 tum
451 1653 727 1708 Cassandrae,
759 1670 890 1713 quam
919 1654 1139 1698 dominam
1166 1654 1425 1699 luxuriosius
1456 1655 1608 1698 cecinit

125 1744 263 1788 poeta,
293 1743 385 1774 tum
411 1730 610 1783 Helenes,
650 1746 777 1788 quarn
815 1746 943 1774 senex
971 1730 1160 1775 molliori
1190 1742 1231 1774 et
1256 1730 1528 1789 incorporali,
1561 1741 1609 1774 ut

123 1808 181 1851 ita
200 1807 362 1865 loquar,
384 1822 528 1850 amore
555 1806 773 1864 amplexus
794 1814 897 1851 est1.

184 1884 274 1926 Pari
298 1881 445 1936 modo,
469 1882 541 1926 ubi
563 1881 701 1939 plures
728 1881 1133 1940 francogallicorum
1147 1881 1375 1940 lyricorum
1397 1881 1607 1926 editiones

124 1957 470 2016 suppeditabunt,
493 1973 582 2002 non
601 1959 644 2001 in
666 1958 814 2002 eadem
841 1970 1045 2016 perpetuo
1072 1957 1231 2002 revolvi
1258 1957 1519 2002 videbuntur
1544 1957 1605 2000 illi

126 2048 273 2093 poetae
301 2051 406 2092 quos
435 2033 485 2078 ad
514 2034 623 2078 hanc
655 2033 768 2078 diem
795 2035 887 2079 visu
915 2050 961 2078 ac
992 2035 1131 2092 specie
1165 2033 1457 2092 imprudenter
1483 2034 1610 2078 aesti-

127 2112 355 2154 mavimus.

185 2189 280 2232 Hoc
294 2186 497 2245 opusculo
516 2186 675 2244 aliquid
692 2186 865 2231 fortasse
886 2186 937 2231 ad
950 2187 1080 2231 istum
1094 2185 1228 2230 finem
1242 2184 1431 2230 conferre
1445 2184 1604 2229 licebit.

136 2263 420 2314 Mediocrem,
471 2263 618 2316 fateor,
667 2278 893 2320 personam
933 2262 1136 2308 Nicolaus
1163 2263 1354 2306 Musetus
1390 2262 1606 2306 sustinuit.

125 2341 276 2398 Neque
311 2341 398 2396 ejus
418 2340 605 2383 carmina
626 2340 844 2396 permagni
872 2354 944 2397 per
968 2355 1011 2382 se
1038 2340 1263 2392 intersunt,
1293 2353 1434 2396 neque
1455 2338 1489 2380 is
1513 2353 1607 2381 sum

131 2417 205 2474 qui
232 2415 346 2474 quod
369 2417 569 2473 exiguum
596 2428 656 2459 est
682 2414 856 2458 dilatare
877 2415 1023 2459 velim.
1052 2416 1124 2468 At,
1153 2413 1336 2458 Nicolao
1366 2413 1607 2471 adjuvante,

180 2573 209 2596 1.
238 2562 292 2596 Sic
310 2562 440 2607 optime
457 2560 634 2596 Paschalis
654 2569 798 2595 noster:
820 2561 889 2595 «A
919 2571 1057 2595 mesure
1085 2560 1195 2607 qu’on
1223 2571 1243 2595 a
1274 2559 1350 2607 plus
1379 2558 1531 2608 d’esprit‚
1560 2569 1608 2595 on

128 2617 309 2665 s’apercoit
326 2616 410 2664 qu’il
427 2630 450 2664 y
467 2628 486 2651 a
505 2616 581 2664 plus
598 2616 755 2664 d’esprits
773 2616 967 2663 originaux.
994 2630 1011 2648 »
