1810 2903
798 187 855 193 -
888 174 941 218 99
974 187 1032 193 -.

171 266 216 309 15
486 255 550 298 En
577 254 643 298 bel
669 253 901 311 despendre
928 268 969 298 et
995 270 1047 298 en
1074 270 1190 298 amer

489 330 592 373 Sans
617 329 782 373 faintise
810 341 851 372 et
875 345 970 373 sans
997 330 1146 387 guiler.

895 404 914 426 ,ιε

874 441 935 462 **

489 480 678 533 Gravier‚
704 481 771 523 cui
798 483 833 537 je
861 482 899 524 vi
928 480 1060 536 joliet,

490 554 611 598 Celui
631 554 778 598 donrai
800 571 902 599 mon
930 556 1117 613 chapelet
1147 574 1154 600 :

490 631 555 673 De
576 630 641 673 bel
662 630 894 688 despendre
922 632 1182 686 s’entrexnet,

168 718 224 748 20
490 706 551 748 En
576 705 635 748 lui
662 721 744 749 nen
771 722 792 749 a
819 707 939 763 point
965 706 1015 750 de
1043 723 1194 764 163161,

490 781 539 823 Et
557 795 635 837 por
655 796 700 823 ce
722 781 748 823 li
768 781 880 824 vueil
902 783 937 837 je
961 781 1093 824 doner

491 854 612 905 Qu'il
637 857 746 899 aime
772 855 882 899 bruit
902 869 942 899 et
963 856 1131 900 hutiner

490 931 540 973 Et
559 931 667 974 aime
688 930 739 974 de
759 946 857 975 cuer
877 947 972 975 sans
993 931 1164 976 fausser.

492 1006 590 1048 Ensi
612 1006 649 1049 le
670 1008 868 1050 convient
887 1008 914 1050 il
935 1021 1091 1051 outrer.

876 1082 937 1140 ***

168 1169 218 1212 25
490 1157 549 1200 La
574 1156 806 1200 damoisele
833 1173 884 1201 au
910 1158 1025 1202 chief
1045 1158 1217 1202 blondet

214 1267 258 1301 V.
282 1266 335 1308 16,
358 1277 451 1301 sanz.
475 1287 518 1292 —
535 1267 580 1301 V.
604 1277 662 1309 20,
685 1278 730 1301 en
746 1266 794 1301 lui
812 1279 855 1302 ne
875 1279 894 1301 a
910 1269 1020 1313 point.
1044 1289 1090 1293 —
1108 1269 1152 1303 V.
1176 1279 1233 1311 21,
1255 1269 1277 1302 li
1300 1269 1373 1303 uuil
1390 1270 1433 1304 ie.
1453 1291 1499 1296 -
1518 1271 1562 1306 V.
1587 1282 1644 1314 22,

166 1323 309 1358 aimme.
332 1343 376 1347 —
393 1323 438 1357 V.
459 1332 515 1367 23,
538 1323 669 1356 aimme
689 1322 731 1356 de
751 1334 833 1356 cuer
852 1334 931 1357 sans
948 1323 1073 1358 fauser.
1092 1345 1136 1349 —
1156 1325 1201 1358 V.
1224 1334 1281 1367 24,
1301 1326 1456 1362 couient.

211 1441 257 1448 —
273 1421 317 1456 V.
344 1423 397 1456 16.
416 1422 471 1456 De
481 1422 579 1456 hiatu
594 1421 686 1467 apud
700 1422 880 1456 Musetum
892 1422 1020 1468 aliquid
1035 1434 1137 1468 supra
1157 1423 1320 1458 diximus.
1344 1445 1383 1450 —
1399 1425 1493 1459 Haec
1504 1427 1647 1471 stropha

167 1478 320 1524 priorem
348 1478 391 1511 de
419 1478 556 1524 integro
582 1485 728 1511 renovat
754 1485 787 1511 et
813 1477 981 1512 inutiliter
1005 1487 1169 1512 recantat.
1196 1479 1255 1512 An
1280 1480 1439 1514 Musetus
1465 1490 1648 1527 utramque

168 1534 354 1579 scripserit,
384 1533 484 1567 valde
513 1534 698 1567 incertum.
729 1532 818 1567 Satis
847 1534 943 1567 enirn
971 1533 1150 1578 explorate
1181 1543 1383 1580 perceptum
1414 1535 1583 1570 habemus
1614 1545 1648 1571 et

168 1590 352 1635 cognitum
367 1600 474 1634 quarn
492 1599 591 1634 saepe
608 1588 762 1622 carmina
777 1588 849 1630 illa,
869 1588 955 1622 dum
969 1589 1131 1623 volabant
1146 1602 1163 1621 «
1177 1600 1237 1634 per
1254 1601 1313 1624 ora
1328 1591 1441 1625 virum
1455 1605 1486 1634 »‚
1500 1592 1649 1626 formam

168 1644 388 1690 figuramque
403 1644 665 1678 immutaverint
686 1655 692 1677 :
709 1644 797 1677 adeo
812 1651 862 1685 ut,
880 1644 970 1678 miro
985 1645 1093 1678 modo
1113 1644 1386 1690 discrepantibus
1400 1646 1489 1680 inter
1504 1658 1539 1681 se
1557 1648 1649 1681 codi-

169 1711 250 1734 cum
264 1700 482 1741 lectionibus,
497 1710 607 1732 unum
620 1706 653 1732 et
667 1698 761 1732 idem
773 1709 912 1732 carmen
926 1699 982 1732 vix
993 1711 1172 1745 agnoscas.
1187 1700 1349 1744 (Confer,
1364 1701 1511 1747 exempli
1524 1703 1646 1747 gratia,

169 1755 214 1791 G.
240 1756 348 1798 Huet,
375 1766 436 1788 une
460 1755 597 1788 chanson
622 1754 658 1787 de
681 1753 764 1788 Gace
788 1754 901 1796 Brule',
930 1754 1053 1788 Etudes
1078 1766 1222 1788 romanas
1243 1755 1312 1789 de'd.
1341 1757 1361 1788 ὰ
1381 1756 1432 1790 Μ.
1463 1757 1506 1792 G.
1534 1758 1645 1800 Paris,

173 1811 293 1857 1890.)
313 1810 433 1845 Simile
452 1809 594 1855 aliquid,
619 1809 685 1843 nisi
705 1808 818 1851 fallor,
839 1809 894 1843 hic
918 1810 1041 1844 accidit
1062 1822 1068 1843 :
1093 1821 1232 1856 nempe,
1253 1819 1375 1845 cantor
1396 1812 1551 1857 quilibet,
1574 1814 1648 1848 sive

165 1867 360 1912 priscorum
375 1866 503 1900 Museti
520 1875 686 1899 versuum
706 1864 848 1906 oblitus,
872 1865 943 1898 sive
966 1865 1061 1910 quod
1082 1865 1193 1899 melos
1213 1877 1294 1899 curn
1316 1867 1522 1911 quibusdam
1541 1880 1647 1903 voca-

166 1922 255 1957 bulis
277 1933 401 1967 parum
427 1920 654 1966 congruebat,
683 1930 803 1953 versus
827 1919 983 1953 funditus
1008 1919 1126 1954 refecit
1158 1928 1192 1954 et
1218 1922 1492 1956 reconcinnavit.
1522 1924 1647 1958 Postea

167 1986 286 2012 autern
316 1977 457 2019 scribae,
474 1975 588 2009 varios
604 1975 738 2009 codices
755 1974 989 2020 perlustranti,
1012 1975 1120 2020 prisca
1137 1976 1279 2021 stropha
1299 1984 1333 2010 et
1352 1978 1523 2012 recentior
1541 1979 1648 2013 simul

169 2040 394 2068 occurrerunt
413 2044 420 2066 :
440 2031 500 2078 qui
519 2038 682 2064 neutram
705 2031 845 2075 rejicere
865 2029 988 2072 voluit,
1010 2030 1083 2073 sed,
1111 2042 1192 2065 cum
1212 2039 1358 2077 utraque
1378 2033 1499 2067 eadem
1522 2045 1648 2069 venus-

167 2097 238 2124 tate
253 2088 409 2134 polleret,
431 2096 616 2132 utramque
635 2085 860 2130 transcripsit.

213 2163 260 2169 —-
278 2143 324 2178 V.
354 2153 408 2188 17.
430 2143 583 2178 Gravier.
605 2141 696 2181 Quis
715 2139 816 2174 fuerit
836 2141 887 2174 vir
906 2140 963 2174 ille
983 2141 1093 2175 comis
1114 2151 1151 2174 ac
1177 2140 1324 2186 lepidus,
1351 2142 1479 2177 Museti
1500 2143 1648 2180 fortasse

166 2197 304 2240 sodalis,
324 2199 423 2244 cujus
439 2208 571 2232 nomen
590 2197 627 2230 in
644 2195 741 2230 nullo
758 2204 939 2241 poetarum
959 2195 1116 2241 catalogo
1138 2197 1298 2241 reperias,
1322 2198 1508 2234 nescimus.

213 2254 259 2288 V.
293 2254 346 2288 18.
379 2252 522 2288 Gravier
540 2253 594 2286 cui
612 2253 646 2297 je
663 2252 699 2285 vi
714 2251 818 2297 joliet,
845 2271 888 2276 ——
917 2251 1012 2285 Celuz'
1037 2251 1153 2284 donrai
1177 2263 1250 2284 mon
1275 2251 1420 2298 chapelet.
1447 2274 1494 2279 —
1517 2255 1649 2291 Mirum

165 2309 272 2344 habes
299 2308 511 2344 attractionis
537 2306 760 2352 exemplum3
791 2305 834 2340 cf.
869 2306 1000 2340 Tobler
1025 2306 1153 2350 (Verm.
1191 2306 1291 2348 Beit„
1322 2319 1355 2352 p.
1379 2308 1465 2353 202)
1489 2321 1495 2343 :
1525 2309 1548 2344 li
1571 2311 1649 2346 vins

164 2365 404 2400 encressiez...
434 2363 586 2409 desplest
617 2361 734 2395 moult
757 2372 776 2395 a
805 2361 860 2394 cui
884 2361 916 2395 16
943 2362 1027 2395 boit.
1054 2361 1171 2405 (Barb.
1198 2370 1230 2396 et
1256 2361 1377 2405 Meon,
1402 2363 1577 2408 Fablz'aux,
1602 2367 1647 2410 II,

166 2421 268 2465 200.)
296 2440 342 2445 —
367 2419 395 2453 11
417 2418 551 2465 plesent
575 2418 629 2451 cui
656 2427 699 2451 ne
727 2417 800 2451 s’en
826 2427 962 2461 apresse
985 2436 1031 2441 —-
1050 2416 1125 2450 Mes
1149 2416 1192 2450 de
1209 2418 1285 2462 pres
1308 2417 1340 2450 la
1360 2418 1518 2463 plesence
1539 2432 1643 2456 cesse.

168 2483 274 2528 (Rosa,
299 2481 444 2528 19508.)

215 2538 261 2572 V.
282 2547 338 2580 24.
358 2537 442 2571 Ensi
453 2537 479 2570 le
494 2536 637 2571 convient
649 2535 804 2570 iloutrer.
821 2554 866 2559 —-
878 2534 968 2574 Quae
980 2533 1284 2580 significatiohuic
1302 2535 1407 2570 verbo
1419 2542 1527 2572 outrer
1537 2540 1647 2586 subji-

168 2595 289 2636 ciatur,
311 2604 384 2628 non
401 2591 502 2638 plane
521 2590 692 2636 intelligo.
713 2590 864 2624 Versum
883 2589 1025 2623 fortasse
1043 2590 1090 2623 sic
1109 2590 1324 2634 interpretari
1343 2600 1440 2636 potes
1460 2605 1467 2627 :
1491 2607 1508 2625 «
1527 2595 1562 2629 in
1580 2595 1648 2632 hoc

168 2649 307 2685 vivendi
326 2658 456 2696 genere
476 2654 687 2696 perstantem
705 2645 805 2692 (ensi)
820 2652 958 2691 oportet
974 2656 1055 2679 eum
1078 2644 1162 2678 ultra
1182 2653 1330 2679 aetatem
1350 2657 1464 2694 agere.
1485 2662 1503 2683 »
