1810 2903
155 311 346 358 amatorii
373 311 558 358 dolores.
595 330 614 354 >³
647 314 799 372 Neque
829 316 918 372 ipse
954 314 1155 359 abstinuit
1182 312 1389 360 Nicolaus
1415 318 1517 375 quin
1549 313 1638 375 pari

155 393 315 433 ratione
336 406 411 434 sua
431 406 601 449 quoque
619 404 814 448 poemata
834 391 1079 434 calamistris
1102 393 1289 436 inureret
1314 409 1323 436 :

389 483 498 528 Molt
523 484 708 528 m'anuie
730 483 863 528 d'iver
883 500 966 543 que
992 498 1080 528 tant
1104 502 1125 528 a
1152 484 1255 529 dure

391 559 491 609 Que
517 561 554 616 je
578 575 631 603 ne
652 563 722 604 voi
749 561 967 618 rossignoz
994 577 1046 605 en
1074 560 1193 605 bruel
1220 565 1353 616 rame,

389 637 439 679 Et
460 635 532 679 des
554 653 635 694 que
656 638 693 693 je
716 638 788 681 voi
815 637 852 680 le
874 651 965 681 tens
991 637 1206 690 renovele‚

391 712 435 755 Si
456 728 525 755 me
546 713 744 756 convient
766 729 847 771 que
869 715 904 768 je
931 714 1037 766 soie,
1065 729 1118 756 en
1140 726 1228 757 cest
1253 717 1358 768 este,

391 788 489 831 Plus
517 790 684 846 mignos
711 802 751 832 et
777 790 986 833 envoisies
1013 805 1094 847 que
1121 790 1204 833 n'ai
1231 792 1373 834 este...

455 898 543 907 .....
561 866 622 907 En
650 866 750 918 mai,
778 878 912 923 quant
936 866 964 908 li
991 866 1245 923 rossignolet

561 940 774 984 Chantent
800 940 883 984 cler
910 941 948 985 el
973 955 1063 986 vert
1084 942 1355 986 buissonet...

452 1050 541 1060 .....
560 1016 625 1059 Or
649 1018 719 1060 voi
740 1017 778 1060 le
800 1017 907 1061 dous
929 1030 1021 1060 tens
1042 1020 1257 1075 repairier‚

560 1093 659 1143 Que
684 1093 714 1136 li
740 1094 971 1151 rossignols
998 1093 1151 1138 chante
1178 1110 1231 1138 en
1258 1096 1419 1150 mai...,

560 1169 659 1212 Bien
682 1170 768 1213 cuit
788 1186 870 1226 que
894 1169 989 1212 doie
1011 1169 1165 1228 alegier

560 1246 608 1288 Li
636 1245 741 1288 mals
769 1259 808 1289 et
829 1245 868 1288 la
889 1245 1032 1289 dolors
1059 1263 1142 1305 que
1163 1246 1287 1304 j’ai...

218 1339 367 1396 Atqui,
396 1337 501 1381 adeo
528 1339 861 1396 intemperanter
887 1353 926 1383 et
952 1340 1236 1384 inverecunde
1262 1340 1382 1398 lyrici
1403 1341 1641 1397 lusciniola,

161 1426 203 1457 et
222 1429 354 1458 verno
374 1427 583 1472 tempore,
608 1427 649 1458 et
672 1414 961 1468 leucacantho,
992 1429 1033 1459 et
1060 1416 1310 1460 florentibus
1334 1417 1474 1461 dumis
1500 1435 1645 1476 vepre—

162 1490 349 1547 culisque
370 1490 645 1535 abutebantur
671 1504 717 1534 ut
739 1492 828 1548 ipse
855 1491 1060 1536 Nicolaus
1088 1493 1286 1536 restiterit
1316 1510 1324 1536 :
1352 1511 1372 1533 «
1395 1495 1486 1539 Nec
1507 1511 1643 1549 rosae,

163 1567 318 1624 inquit,
349 1583 428 1610 nec
448 1566 552 1621 lilia,
577 1583 655 1611 nec
681 1566 855 1625 gladioli
876 1568 1077 1612 florentes
1099 1584 1167 1612 me
1185 1569 1407 1613 hortantur
1428 1583 1474 1614 ut
1492 1572 1647 1614 iterum

164 1658 327 1697 canam,
352 1642 424 1687 sed
451 1643 540 1687 sola
561 1659 655 1687 mea
675 1643 782 1687 flava
804 1645 939 1688 amica
961 1661 970 1687 :

487 1738 616 1790 Rose,
640 1753 693 1780 ne
718 1737 785 1791 lis,
810 1753 862 1781 ne
888 1737 1035 1782 florete
1063 1738 1113 1782 de
1134 1738 1217 1796 glai

486 1815 553 1858 Ne
575 1814 611 1857 le
633 1830 701 1858 me
728 1813 802 1858 fait
821 1816 1170 1868 recommencier,

487 1891 590 1933 Fors
612 1890 651 1933 la
673 1889 888 1944 blondete,
912 1906 990 1949 por
1010 1893 1076 1934 cui
1095 1893 1131 1948 je
1159 1893 1329 1946 morrai,

486 1966 538 2009 Se
564 1967 714 2010 mercis
740 1983 793 2010 ne
819 1967 894 2009 m’i
922 1980 1020 2025 puet
1046 1966 1175 2011 aidier
1192 1968 1260 2011 !...
1293 1985 1313 2008 »

223 2060 401 2118 Ingenui
432 2059 534 2104 haec
562 2072 661 2104 sunt
689 2062 874 2118 poetae?
903 2062 938 2104 Ii
974 2074 1073 2105 sunt
1109 2061 1305 2106 videlicet
1333 2063 1485 2107 sinceri
1516 2065 1648 2107 animi

165 2152 330 2188 sensus,
363 2152 452 2180 non
483 2136 730 2180 artificiosi?
764 2136 888 2180 Haud
920 2139 977 2181 ita
1010 2137 1224 2196 equidem.
1256 2139 1348 2182 Nec
1375 2139 1492 2183 solus
1527 2153 1650 2197 poeta

166 2225 325 2266 noster,
352 2228 429 2256 nec
451 2213 612 2270 primus
638 2214 747 2257 inter
773 2213 902 2257 medii
930 2215 1020 2257 aevi
1045 2213 1200 2271 lyricos
1233 2214 1313 2257 hoc
1346 2228 1648 2271 argumentum

166 2301 428 2342 tractaverat,
457 2290 544 2346 jam
570 2305 593 2332 a
618 2289 948 2334 Provincialibus
975 2291 1143 2348 saepius
1170 2292 1398 2347 repetitum
1429 2308 1438 2334 :

489 2383 591 2426 Non
612 2381 741 2426 chant
765 2397 837 2440 per
864 2383 978 2426 auzel
1005 2384 1047 2426 ni
1073 2398 1147 2441 per
1167 2382 1264 2437 flor,

489 2459 549 2503 Ni
570 2473 644 2516 per
664 2474 764 2511 neu,
789 2459 833 2501 ni
851 2473 925 2516 per
941 2458 1104 2516 gelada,

489 2534 547 2578 Ni
573 2535 663 2578 neis
689 2550 764 2592 per
787 2534 917 2579 freich
944 2536 988 2578 ni
1016 2550 1089 2593 per
1116 2534 1229 2579 calor

491 2610 549 2655 Ni
577 2625 649 2668 per
669 2610 853 2655 reverdir
872 2609 924 2654 de
944 2610 1085 2668 prada,
