<?xml version="1.0" encoding="UTF-8"?>
<!DOCTYPE html PUBLIC "-//W3C//DTD XHTML 1.0 Transitional//EN"
    "http://www.w3.org/TR/xhtml1/DTD/xhtml1-transitional.dtd">
<html xmlns="http://www.w3.org/1999/xhtml" xml:lang="en" lang="en">
 <head>
  <title>
</title>
<meta http-equiv="Content-Type" content="text/html;charset=utf-8" />
  <meta name='ocr-system' content='tesseract 3.04.00' />
  <meta name='ocr-capabilities' content='ocr_page ocr_carea ocr_par ocr_line ocrx_word'/>
</head>
<body>
  <div class='ocr_page' id='page_1' title='image "./denicolaomusetog00bduoft_0039.png"; bbox 0 0 1851 2949; ppageno 0'>
   <div class='ocr_carea' id='block_1_1' title="bbox 790 212 1023 254">
    <p class='ocr_par' dir='ltr' id='par_1_1' title="bbox 790 212 1023 254">
     <span class='ocr_line' id='line_1_1' title="bbox 790 212 1023 254; baseline -0.004 -25"><span class='ocrx_word' id='word_1_1' title='bbox 790 212 1023 254; x_wconf 63' lang='lat'><strong><em>-27-</em></strong></span> 
     </span>
    </p>
   </div>
   <div class='ocr_carea' id='block_1_2' title="bbox 152 290 1646 1802">
    <p class='ocr_par' dir='ltr' id='par_1_2' title="bbox 157 290 1646 807">
     <span class='ocr_line' id='line_1_2' title="bbox 157 290 1643 350; baseline -0.003 -14"><span class='ocrx_word' id='word_1_2' title='bbox 157 305 350 350; x_wconf 90' lang='lat' dir='ltr'>tempore</span> <span class='ocrx_word' id='word_1_3' title='bbox 372 290 634 349; x_wconf 89' lang='lat' dir='ltr'>inspicienda</span> <span class='ocrx_word' id='word_1_4' title='bbox 660 293 740 335; x_wconf 87' lang='lat' dir='ltr'>erit</span> <span class='ocrx_word' id='word_1_5' title='bbox 765 304 836 335; x_wconf 88' lang='lat' dir='ltr'>tua</span> <span class='ocrx_word' id='word_1_6' title='bbox 857 291 962 335; x_wconf 87' lang='lat' dir='ltr'>fides</span> <span class='ocrx_word' id='word_1_7' title='bbox 987 303 1028 334; x_wconf 91' lang='lat' dir='ltr'>et</span> <span class='ocrx_word' id='word_1_8' title='bbox 1057 290 1271 335; x_wconf 85' lang='lat' dir='ltr'>tentanda.</span> <span class='ocrx_word' id='word_1_9' title='bbox 1304 292 1414 348; x_wconf 86' lang='lat' dir='ltr'>Ergo</span> <span class='ocrx_word' id='word_1_10' title='bbox 1445 291 1643 347; x_wconf 87' lang='lat' dir='ltr'>patientia</span> 
     </span>
     <span class='ocr_line' id='line_1_3' title="bbox 161 365 1644 427; baseline -0.002 -15"><span class='ocrx_word' id='word_1_11' title='bbox 161 383 357 427; x_wconf 86' lang='lat' dir='ltr'>suprema</span> <span class='ocrx_word' id='word_1_12' title='bbox 386 368 452 411; x_wconf 85' lang='lat' dir='ltr'>lex</span> <span class='ocrx_word' id='word_1_13' title='bbox 478 369 657 412; x_wconf 86' lang='lat' dir='ltr'>amantis</span> <span class='ocrx_word' id='word_1_14' title='bbox 686 382 792 411; x_wconf 88' lang='lat' dir='ltr'>esto.</span> <span class='ocrx_word' id='word_1_15' title='bbox 818 369 976 411; x_wconf 82' lang='lat' dir='ltr'>Caveat</span> <span class='ocrx_word' id='word_1_16' title='bbox 1010 383 1062 410; x_wconf 88' lang='lat' dir='ltr'>ne</span> <span class='ocrx_word' id='word_1_17' title='bbox 1086 366 1349 424; x_wconf 88' lang='lat' dir='ltr'>poenitendo</span> <span class='ocrx_word' id='word_1_18' title='bbox 1384 379 1496 410; x_wconf 89' lang='lat' dir='ltr'>amet</span> <span class='ocrx_word' id='word_1_19' title='bbox 1515 375 1545 420; x_wconf 82' lang='lat'>¹,</span> <span class='ocrx_word' id='word_1_20' title='bbox 1571 365 1644 409; x_wconf 91' lang='lat' dir='ltr'>sed</span> 
     </span>
     <span class='ocr_line' id='line_1_4' title="bbox 158 444 1644 502; baseline -0.002 -14"><span class='ocrx_word' id='word_1_21' title='bbox 158 457 398 488; x_wconf 78' lang='lat' dir='ltr'>constanter</span> <span class='ocrx_word' id='word_1_22' title='bbox 428 456 584 502; x_wconf 85' lang='lat' dir='ltr'>perstet</span> <span class='ocrx_word' id='word_1_23' title='bbox 604 445 649 487; x_wconf 88' lang='lat' dir='ltr'>in</span> <span class='ocrx_word' id='word_1_24' title='bbox 682 446 869 501; x_wconf 90' lang='lat' dir='ltr'>incepto.</span> <span class='ocrx_word' id='word_1_25' title='bbox 904 445 1051 501; x_wconf 83' lang='lat' dir='ltr'>Apage</span> <span class='ocrx_word' id='word_1_26' title='bbox 1080 455 1289 486; x_wconf 83' lang='lat' dir='ltr'>amatores</span> <span class='ocrx_word' id='word_1_27' title='bbox 1312 444 1383 500; x_wconf 91' lang='lat' dir='ltr'>qui</span> <span class='ocrx_word' id='word_1_28' title='bbox 1404 458 1453 486; x_wconf 90' lang='lat' dir='ltr'>ex</span> <span class='ocrx_word' id='word_1_29' title='bbox 1475 458 1572 486; x_wconf 87' lang='lat' dir='ltr'>casu</span> <span class='ocrx_word' id='word_1_30' title='bbox 1603 454 1644 485; x_wconf 91' lang='lat' dir='ltr'>et</span> 
     </span>
     <span class='ocr_line' id='line_1_5' title="bbox 159 519 1642 577; baseline -0.002 -14"><span class='ocrx_word' id='word_1_31' title='bbox 159 522 380 564; x_wconf 79' lang='lat' dir='ltr'>occasione</span> <span class='ocrx_word' id='word_1_32' title='bbox 398 520 597 564; x_wconf 90' lang='lat' dir='ltr'>mulieres</span> <span class='ocrx_word' id='word_1_33' title='bbox 619 519 812 563; x_wconf 85' lang='lat' dir='ltr'>ambiunt</span> <span class='ocrx_word' id='word_1_34' title='bbox 834 527 1229 577; x_wconf 81' lang='lat' dir='ltr'>assectanturque²;</span> <span class='ocrx_word' id='word_1_35' title='bbox 1254 534 1384 577; x_wconf 79' lang='lat' dir='ltr'>apage</span> <span class='ocrx_word' id='word_1_36' title='bbox 1415 536 1434 559; x_wconf 89' lang='lat'>(&lt;</span> <span class='ocrx_word' id='word_1_37' title='bbox 1461 519 1642 562; x_wconf 85' lang='lat' dir='ltr'>aestivos</span> 
     </span>
     <span class='ocr_line' id='line_1_6' title="bbox 158 595 1646 654; baseline -0.001 -15"><span class='ocrx_word' id='word_1_38' title='bbox 158 596 495 640; x_wconf 82' lang='lat' dir='ltr'>amasiunculos3</span> <span class='ocrx_word' id='word_1_39' title='bbox 527 613 546 636; x_wconf 80' lang='grc'>))</span> <span class='ocrx_word' id='word_1_40' title='bbox 578 598 649 654; x_wconf 89' lang='lat' dir='ltr'>qui</span> <span class='ocrx_word' id='word_1_41' title='bbox 679 612 750 654; x_wconf 89' lang='lat' dir='ltr'>per</span> <span class='ocrx_word' id='word_1_42' title='bbox 776 608 1072 654; x_wconf 84' lang='lat' dir='ltr'>tempestatem</span> <span class='ocrx_word' id='word_1_43' title='bbox 1099 611 1228 640; x_wconf 85' lang='lat' dir='ltr'>unam</span> <span class='ocrx_word' id='word_1_44' title='bbox 1250 595 1381 639; x_wconf 90' lang='lat' dir='ltr'>fidem</span> <span class='ocrx_word' id='word_1_45' title='bbox 1402 611 1524 639; x_wconf 91' lang='lat' dir='ltr'>suam</span> <span class='ocrx_word' id='word_1_46' title='bbox 1545 595 1646 638; x_wconf 88' lang='lat' dir='ltr'>obs-</span> 
     </span>
     <span class='ocr_line' id='line_1_7' title="bbox 157 671 1640 731; baseline -0.002 -14"><span class='ocrx_word' id='word_1_47' title='bbox 157 675 363 731; x_wconf 85' lang='lat' dir='ltr'>tringunt,</span> <span class='ocrx_word' id='word_1_48' title='bbox 387 673 658 716; x_wconf 85' lang='lat' dir='ltr'>simulatores</span> <span class='ocrx_word' id='word_1_49' title='bbox 681 674 782 716; x_wconf 88' lang='lat' dir='ltr'>istos</span> <span class='ocrx_word' id='word_1_50' title='bbox 805 674 876 729; x_wconf 89' lang='lat' dir='ltr'>qui</span> <span class='ocrx_word' id='word_1_51' title='bbox 903 689 922 712; x_wconf 85' lang='lat'>«</span> <span class='ocrx_word' id='word_1_52' title='bbox 955 686 1146 730; x_wconf 89' lang='lat' dir='ltr'>tempore</span> <span class='ocrx_word' id='word_1_53' title='bbox 1174 671 1362 716; x_wconf 87' lang='lat' dir='ltr'>Paschali</span> <span class='ocrx_word' id='word_1_54' title='bbox 1386 688 1424 726; x_wconf 87' lang='lat'>»‚</span> <span class='ocrx_word' id='word_1_55' title='bbox 1455 684 1502 716; x_wconf 88' lang='lat' dir='ltr'>ut</span> <span class='ocrx_word' id='word_1_56' title='bbox 1529 687 1640 724; x_wconf 87' lang='lat' dir='ltr'>aves,</span> 
     </span>
     <span class='ocr_line' id='line_1_8' title="bbox 157 749 915 807; baseline -0.003 -14"><span class='ocrx_word' id='word_1_57' title='bbox 157 763 315 793; x_wconf 87' lang='lat' dir='ltr'>canunt</span> <span class='ocrx_word' id='word_1_58' title='bbox 336 762 376 793; x_wconf 90' lang='lat' dir='ltr'>et</span> <span class='ocrx_word' id='word_1_59' title='bbox 402 749 553 807; x_wconf 84' lang='lat' dir='ltr'>frigide</span> <span class='ocrx_word' id='word_1_60' title='bbox 574 749 888 793; x_wconf 80' lang='lat' dir='ltr'>lamentantur4</span> <span class='ocrx_word' id='word_1_61' title='bbox 906 749 915 791; x_wconf 85' lang='lat'>!</span> 
     </span>
    </p>

    <p class='ocr_par' dir='ltr' id='par_1_3' title="bbox 152 825 1645 1802">
     <span class='ocr_line' id='line_1_9' title="bbox 216 825 1645 883; baseline -0.001 -14"><span class='ocrx_word' id='word_1_62' title='bbox 216 825 298 869; x_wconf 89' lang='lat' dir='ltr'>Sed</span> <span class='ocrx_word' id='word_1_63' title='bbox 327 827 631 883; x_wconf 83' lang='lat' dir='ltr'>exspectationi</span> <span class='ocrx_word' id='word_1_64' title='bbox 657 825 707 869; x_wconf 90' lang='lat' dir='ltr'>ab</span> <span class='ocrx_word' id='word_1_65' title='bbox 731 838 900 869; x_wconf 88' lang='lat' dir='ltr'>amante</span> <span class='ocrx_word' id='word_1_66' title='bbox 933 826 1141 883; x_wconf 86' lang='lat' dir='ltr'>patienter</span> <span class='ocrx_word' id='word_1_67' title='bbox 1163 838 1355 883; x_wconf 86' lang='lat' dir='ltr'>acceptae</span> <span class='ocrx_word' id='word_1_68' title='bbox 1390 840 1561 868; x_wconf 89' lang='lat' dir='ltr'>necesse</span> <span class='ocrx_word' id='word_1_69' title='bbox 1583 836 1645 867; x_wconf 91' lang='lat' dir='ltr'>est</span> 
     </span>
     <span class='ocr_line' id='line_1_10' title="bbox 156 900 1642 959; baseline -0.001 -13"><span class='ocrx_word' id='word_1_70' title='bbox 156 915 202 946; x_wconf 90' lang='lat' dir='ltr'>ut</span> <span class='ocrx_word' id='word_1_71' title='bbox 221 902 396 946; x_wconf 87' lang='lat' dir='ltr'>domina</span> <span class='ocrx_word' id='word_1_72' title='bbox 423 903 511 959; x_wconf 90' lang='lat' dir='ltr'>pari</span> <span class='ocrx_word' id='word_1_73' title='bbox 538 903 853 959; x_wconf 87' lang='lat' dir='ltr'>exspectatione</span> <span class='ocrx_word' id='word_1_74' title='bbox 875 903 1062 945; x_wconf 87' lang='lat' dir='ltr'>vicissim</span> <span class='ocrx_word' id='word_1_75' title='bbox 1083 900 1352 959; x_wconf 86' lang='lat' dir='ltr'>respondeat.</span> <span class='ocrx_word' id='word_1_76' title='bbox 1383 900 1502 945; x_wconf 87' lang='lat' dir='ltr'>Fidei</span> <span class='ocrx_word' id='word_1_77' title='bbox 1521 915 1642 958; x_wconf 88' lang='lat' dir='ltr'>expe-</span> 
     </span>
     <span class='ocr_line' id='line_1_11' title="bbox 154 977 1644 1032; baseline -0.001 -10"><span class='ocrx_word' id='word_1_78' title='bbox 154 980 390 1022; x_wconf 88' lang='lat' dir='ltr'>rimentum</span> <span class='ocrx_word' id='word_1_79' title='bbox 426 991 665 1022; x_wconf 85' lang='lat' dir='ltr'>constanter</span> <span class='ocrx_word' id='word_1_80' title='bbox 698 978 894 1022; x_wconf 87' lang='lat' dir='ltr'>tolerabit</span> <span class='ocrx_word' id='word_1_81' title='bbox 923 978 1010 1032; x_wconf 89' lang='lat' dir='ltr'>ille,</span> <span class='ocrx_word' id='word_1_82' title='bbox 1053 994 1101 1022; x_wconf 89' lang='lat' dir='ltr'>ea</span> <span class='ocrx_word' id='word_1_83' title='bbox 1132 991 1275 1021; x_wconf 88' lang='lat' dir='ltr'>tamen</span> <span class='ocrx_word' id='word_1_84' title='bbox 1315 977 1560 1021; x_wconf 86' lang='lat' dir='ltr'>conditione</span> <span class='ocrx_word' id='word_1_85' title='bbox 1599 990 1644 1021; x_wconf 94' lang='lat' dir='ltr'>ut</span> 
     </span>
     <span class='ocr_line' id='line_1_12' title="bbox 153 1054 1644 1113; baseline -0.001 -14"><span class='ocrx_word' id='word_1_86' title='bbox 153 1055 327 1099; x_wconf 89' lang='lat' dir='ltr'>domina</span> <span class='ocrx_word' id='word_1_87' title='bbox 349 1071 447 1098; x_wconf 87' lang='lat' dir='ltr'>eum</span> <span class='ocrx_word' id='word_1_88' title='bbox 465 1056 628 1098; x_wconf 86' lang='lat' dir='ltr'>sincere</span> <span class='ocrx_word' id='word_1_89' title='bbox 643 1055 895 1113; x_wconf 83' lang='lat' dir='ltr'>experiatur.</span> <span class='ocrx_word' id='word_1_90' title='bbox 914 1056 1018 1106; x_wconf 87' lang='lat' dir='ltr'>Quo</span> <span class='ocrx_word' id='word_1_91' title='bbox 1035 1067 1176 1099; x_wconf 88' lang='lat' dir='ltr'>autern</span> <span class='ocrx_word' id='word_1_92' title='bbox 1199 1067 1320 1112; x_wconf 88' lang='lat' dir='ltr'>pacto</span> <span class='ocrx_word' id='word_1_93' title='bbox 1343 1055 1533 1098; x_wconf 88' lang='lat' dir='ltr'>sincere?</span> <span class='ocrx_word' id='word_1_94' title='bbox 1557 1054 1644 1097; x_wconf 87' lang='lat' dir='ltr'>Sci-</span> 
     </span>
     <span class='ocr_line' id='line_1_13' title="bbox 154 1130 1642 1189; baseline -0.001 -14"><span class='ocrx_word' id='word_1_95' title='bbox 154 1131 251 1175; x_wconf 88' lang='lat' dir='ltr'>licet</span> <span class='ocrx_word' id='word_1_96' title='bbox 267 1147 364 1175; x_wconf 92' lang='lat' dir='ltr'>cum</span> <span class='ocrx_word' id='word_1_97' title='bbox 386 1131 488 1175; x_wconf 88' lang='lat' dir='ltr'>haec</span> <span class='ocrx_word' id='word_1_98' title='bbox 503 1133 757 1189; x_wconf 84' lang='lat' dir='ltr'>exspectatio</span> <span class='ocrx_word' id='word_1_99' title='bbox 772 1147 822 1175; x_wconf 92' lang='lat' dir='ltr'>eo</span> <span class='ocrx_word' id='word_1_100' title='bbox 838 1133 1041 1189; x_wconf 86' lang='lat' dir='ltr'>pertineat</span> <span class='ocrx_word' id='word_1_101' title='bbox 1056 1143 1102 1175; x_wconf 89' lang='lat' dir='ltr'>ut</span> <span class='ocrx_word' id='word_1_102' title='bbox 1116 1147 1262 1175; x_wconf 89' lang='lat' dir='ltr'>amans</span> <span class='ocrx_word' id='word_1_103' title='bbox 1278 1132 1406 1174; x_wconf 85' lang='lat' dir='ltr'>virtut</span> <span class='ocrx_word' id='word_1_104' title='bbox 1420 1147 1494 1175; x_wconf 91' lang='lat' dir='ltr'>um</span> <span class='ocrx_word' id='word_1_105' title='bbox 1514 1130 1642 1174; x_wconf 91' lang='lat' dir='ltr'>docu-</span> 
     </span>
     <span class='ocr_line' id='line_1_14' title="bbox 155 1206 1642 1266; baseline -0.001 -14"><span class='ocrx_word' id='word_1_106' title='bbox 155 1220 352 1252; x_wconf 88' lang='lat' dir='ltr'>mentum</span> <span class='ocrx_word' id='word_1_107' title='bbox 379 1220 579 1265; x_wconf 83' lang='lat' dir='ltr'>praestet‚</span> <span class='ocrx_word' id='word_1_108' title='bbox 615 1224 713 1251; x_wconf 91' lang='lat' dir='ltr'>cum</span> <span class='ocrx_word' id='word_1_109' title='bbox 744 1208 965 1251; x_wconf 87' lang='lat' dir='ltr'>intervallo</span> <span class='ocrx_word' id='word_1_110' title='bbox 999 1223 1105 1266; x_wconf 92' lang='lat' dir='ltr'>opus</span> <span class='ocrx_word' id='word_1_111' title='bbox 1143 1209 1198 1250; x_wconf 87' lang='lat' dir='ltr'>sit</span> <span class='ocrx_word' id='word_1_112' title='bbox 1226 1221 1270 1252; x_wconf 92' lang='lat' dir='ltr'>ut</span> <span class='ocrx_word' id='word_1_113' title='bbox 1302 1206 1539 1265; x_wconf 88' lang='lat' dir='ltr'>periculum</span> <span class='ocrx_word' id='word_1_114' title='bbox 1578 1208 1642 1250; x_wconf 89' lang='lat' dir='ltr'>sui</span> 
     </span>
     <span class='ocr_line' id='line_1_15' title="bbox 152 1283 1641 1342; baseline 0 -15"><span class='ocrx_word' id='word_1_115' title='bbox 152 1284 289 1338; x_wconf 85' lang='lat' dir='ltr'>faciat,</span> <span class='ocrx_word' id='word_1_116' title='bbox 320 1298 462 1328; x_wconf 89' lang='lat' dir='ltr'>caveat</span> <span class='ocrx_word' id='word_1_117' title='bbox 488 1283 662 1328; x_wconf 80' lang='lat' dir='ltr'>domina</span> <span class='ocrx_word' id='word_1_118' title='bbox 689 1300 742 1328; x_wconf 89' lang='lat' dir='ltr'>ne</span> <span class='ocrx_word' id='word_1_119' title='bbox 781 1299 1058 1342; x_wconf 84' lang='lat' dir='ltr'>praepropera</span> <span class='ocrx_word' id='word_1_120' title='bbox 1091 1284 1361 1328; x_wconf 85' lang='lat' dir='ltr'>festinatione</span> <span class='ocrx_word' id='word_1_121' title='bbox 1390 1283 1440 1327; x_wconf 90' lang='lat' dir='ltr'>de</span> <span class='ocrx_word' id='word_1_122' title='bbox 1469 1296 1641 1327; x_wconf 87' lang='lat' dir='ltr'>amante</span> 
     </span>
     <span class='ocr_line' id='line_1_16' title="bbox 152 1359 1641 1419; baseline 0.001 -16"><span class='ocrx_word' id='word_1_123' title='bbox 152 1361 322 1417; x_wconf 89' lang='lat' dir='ltr'>judicet.</span> <span class='ocrx_word' id='word_1_124' title='bbox 368 1359 736 1419; x_wconf 87' lang='lat' dir='ltr'>Quandoquidem</span> <span class='ocrx_word' id='word_1_125' title='bbox 792 1362 841 1403; x_wconf 86' lang='lat' dir='ltr'>de</span> <span class='ocrx_word' id='word_1_126' title='bbox 891 1362 1071 1404; x_wconf 85' lang='lat' dir='ltr'>amantis</span> <span class='ocrx_word' id='word_1_127' title='bbox 1114 1360 1338 1405; x_wconf 83' lang='lat' dir='ltr'>virtutibus</span> <span class='ocrx_word' id='word_1_128' title='bbox 1394 1362 1641 1405; x_wconf 89' lang='lat' dir='ltr'>communis</span> 
     </span>
     <span class='ocr_line' id='line_1_17' title="bbox 152 1436 1640 1496; baseline 0 -16"><span class='ocrx_word' id='word_1_129' title='bbox 152 1436 381 1481; x_wconf 87' lang='lat' dir='ltr'>hominum</span> <span class='ocrx_word' id='word_1_130' title='bbox 403 1439 550 1496; x_wconf 88' lang='lat' dir='ltr'>opinio</span> <span class='ocrx_word' id='word_1_131' title='bbox 567 1436 737 1495; x_wconf 78' lang='lat' dir='ltr'>judicat,</span> <span class='ocrx_word' id='word_1_132' title='bbox 762 1439 965 1496; x_wconf 88' lang='lat' dir='ltr'>quoniam</span> <span class='ocrx_word' id='word_1_133' title='bbox 986 1437 1098 1481; x_wconf 87' lang='lat' dir='ltr'>fama</span> <span class='ocrx_word' id='word_1_134' title='bbox 1119 1453 1187 1481; x_wconf 90' lang='lat' dir='ltr'>eas</span> <span class='ocrx_word' id='word_1_135' title='bbox 1209 1439 1328 1496; x_wconf 85' lang='lat' dir='ltr'>quasi</span> <span class='ocrx_word' id='word_1_136' title='bbox 1344 1437 1394 1481; x_wconf 91' lang='lat' dir='ltr'>ad</span> <span class='ocrx_word' id='word_1_137' title='bbox 1415 1437 1640 1481; x_wconf 87' lang='lat' dir='ltr'>obrussam</span> 
     </span>
     <span class='ocr_line' id='line_1_18' title="bbox 153 1513 1643 1572; baseline 0 -15"><span class='ocrx_word' id='word_1_138' title='bbox 153 1515 298 1572; x_wconf 82' lang='lat' dir='ltr'>exigit,</span> <span class='ocrx_word' id='word_1_139' title='bbox 326 1530 493 1558; x_wconf 90' lang='lat' dir='ltr'>necesse</span> <span class='ocrx_word' id='word_1_140' title='bbox 523 1528 584 1559; x_wconf 85' lang='lat' dir='ltr'>est</span> <span class='ocrx_word' id='word_1_141' title='bbox 610 1527 656 1558; x_wconf 88' lang='lat' dir='ltr'>ut</span> <span class='ocrx_word' id='word_1_142' title='bbox 681 1513 859 1558; x_wconf 86' lang='lat' dir='ltr'>domina</span> <span class='ocrx_word' id='word_1_143' title='bbox 893 1515 1087 1572; x_wconf 86' lang='lat' dir='ltr'>opinioni</span> <span class='ocrx_word' id='word_1_144' title='bbox 1127 1514 1312 1558; x_wconf 84' lang='lat' dir='ltr'>confidat</span> <span class='ocrx_word' id='word_1_145' title='bbox 1340 1513 1530 1572; x_wconf 91' lang='lat' dir='ltr'>quidem,</span> <span class='ocrx_word' id='word_1_146' title='bbox 1569 1513 1643 1557; x_wconf 90' lang='lat' dir='ltr'>sed</span> 
     </span>
     <span class='ocr_line' id='line_1_19' title="bbox 153 1589 1639 1649; baseline 0 -15"><span class='ocrx_word' id='word_1_147' title='bbox 153 1604 344 1648; x_wconf 88' lang='lat' dir='ltr'>expertae</span> <span class='ocrx_word' id='word_1_148' title='bbox 400 1592 691 1649; x_wconf 81' lang='lat' dir='ltr'>ingenuaeque</span> <span class='ocrx_word' id='word_1_149' title='bbox 740 1592 955 1649; x_wconf 85' lang='lat' dir='ltr'>opinioni.</span> <span class='ocrx_word' id='word_1_150' title='bbox 1020 1592 1087 1635; x_wconf 89' lang='lat' dir='ltr'>Ne</span> <span class='ocrx_word' id='word_1_151' title='bbox 1136 1591 1257 1634; x_wconf 86' lang='lat' dir='ltr'>citius</span> <span class='ocrx_word' id='word_1_152' title='bbox 1301 1590 1437 1634; x_wconf 88' lang='lat' dir='ltr'>famae</span> <span class='ocrx_word' id='word_1_153' title='bbox 1485 1589 1639 1644; x_wconf 87' lang='lat' dir='ltr'>credat,</span> 
     </span>
     <span class='ocr_line' id='line_1_20' title="bbox 152 1666 1637 1726; baseline 0 -16"><span class='ocrx_word' id='word_1_154' title='bbox 152 1666 325 1711; x_wconf 86' lang='lat' dir='ltr'>fortasse</span> <span class='ocrx_word' id='word_1_155' title='bbox 361 1668 701 1711; x_wconf 88' lang='lat' dir='ltr'>commenticiae.</span> <span class='ocrx_word' id='word_1_156' title='bbox 752 1667 854 1711; x_wconf 88' lang='lat' dir='ltr'>Inde</span> <span class='ocrx_word' id='word_1_157' title='bbox 891 1667 1001 1726; x_wconf 89' lang='lat' dir='ltr'>apud</span> <span class='ocrx_word' id='word_1_158' title='bbox 1032 1668 1185 1726; x_wconf 88' lang='lat' dir='ltr'>lyricos</span> <span class='ocrx_word' id='word_1_159' title='bbox 1216 1680 1278 1711; x_wconf 89' lang='lat' dir='ltr'>tot</span> <span class='ocrx_word' id='word_1_160' title='bbox 1297 1680 1338 1711; x_wconf 88' lang='lat' dir='ltr'>et</span> <span class='ocrx_word' id='word_1_161' title='bbox 1381 1680 1469 1710; x_wconf 90' lang='lat' dir='ltr'>tam</span> <span class='ocrx_word' id='word_1_162' title='bbox 1490 1666 1637 1711; x_wconf 87' lang='lat' dir='ltr'>acerba</span> 
     </span>
     <span class='ocr_line' id='line_1_21' title="bbox 153 1742 1642 1802; baseline 0 -15"><span class='ocrx_word' id='word_1_163' title='bbox 153 1744 198 1787; x_wconf 90' lang='lat' dir='ltr'>in</span> <span class='ocrx_word' id='word_1_164' title='bbox 235 1742 472 1788; x_wconf 86' lang='lat' dir='ltr'>laudatores</span> <span class='ocrx_word' id='word_1_165' title='bbox 509 1743 756 1802; x_wconf 76' lang='lat' dir='ltr'>(losengiers)</span> <span class='ocrx_word' id='word_1_166' title='bbox 784 1745 993 1797; x_wconf 87' lang='lat' dir='ltr'>convicia,</span> <span class='ocrx_word' id='word_1_167' title='bbox 1022 1745 1179 1789; x_wconf 86' lang='lat' dir='ltr'>scilicet</span> <span class='ocrx_word' id='word_1_168' title='bbox 1211 1745 1255 1787; x_wconf 90' lang='lat' dir='ltr'>in</span> <span class='ocrx_word' id='word_1_169' title='bbox 1284 1744 1477 1788; x_wconf 83' lang='lat' dir='ltr'>aemulos</span> <span class='ocrx_word' id='word_1_170' title='bbox 1502 1743 1568 1788; x_wconf 89' lang='lat' dir='ltr'>vel</span> <span class='ocrx_word' id='word_1_171' title='bbox 1597 1745 1642 1787; x_wconf 90' lang='lat' dir='ltr'>in</span> 
     </span>
    </p>
   </div>
   <div class='ocr_carea' id='block_1_3' title="bbox 150 1863 1642 2695">
    <p class='ocr_par' dir='ltr' id='par_1_4' title="bbox 150 1863 1642 2023">
     <span class='ocr_line' id='line_1_22' title="bbox 202 1863 1641 1910; baseline 0 -12"><span class='ocrx_word' id='word_1_172' title='bbox 202 1875 232 1898; x_wconf 93' lang='lat'>1.</span> <span class='ocrx_word' id='word_1_173' title='bbox 262 1863 384 1899; x_wconf 88' lang='lat' dir='ltr'>Onkes</span> <span class='ocrx_word' id='word_1_174' title='bbox 403 1875 447 1898; x_wconf 89' lang='lat' dir='ltr'>ne</span> <span class='ocrx_word' id='word_1_175' title='bbox 467 1875 548 1898; x_wconf 86' lang='lat' dir='ltr'>seuc</span> <span class='ocrx_word' id='word_1_176' title='bbox 565 1875 663 1899; x_wconf 87' lang='lat' dir='ltr'>amer</span> <span class='ocrx_word' id='word_1_177' title='bbox 678 1876 697 1898; x_wconf 90' lang='lat' dir='ltr'>a</span> <span class='ocrx_word' id='word_1_178' title='bbox 717 1864 868 1910; x_wconf 74' lang='lat' dir='ltr'>repentis</span> <span class='ocrx_word' id='word_1_179' title='bbox 901 1865 1087 1910; x_wconf 78' lang='lat' dir='ltr'>(Matzner,</span> <span class='ocrx_word' id='word_1_180' title='bbox 1108 1876 1141 1910; x_wconf 89' lang='lat' dir='ltr'>p.</span> <span class='ocrx_word' id='word_1_181' title='bbox 1162 1863 1217 1909; x_wconf 84' lang='lat'>6.)</span> <span class='ocrx_word' id='word_1_182' title='bbox 1249 1885 1292 1890; x_wconf 83' lang='lat'>—-</span> <span class='ocrx_word' id='word_1_183' title='bbox 1311 1864 1432 1900; x_wconf 85' lang='lat' dir='ltr'>Onkes</span> <span class='ocrx_word' id='word_1_184' title='bbox 1446 1864 1575 1899; x_wconf 86' lang='lat' dir='ltr'>n&#39;amai</span> <span class='ocrx_word' id='word_1_185' title='bbox 1596 1876 1641 1899; x_wconf 92' lang='lat' dir='ltr'>en</span> 
     </span>
     <span class='ocr_line' id='line_1_23' title="bbox 151 1920 1642 1967; baseline 0.001 -14"><span class='ocrx_word' id='word_1_186' title='bbox 151 1920 304 1965; x_wconf 83' lang='lat' dir='ltr'>repentir</span> <span class='ocrx_word' id='word_1_187' title='bbox 329 1920 472 1965; x_wconf 87' lang='lat' dir='ltr'>(Couci,</span> <span class='ocrx_word' id='word_1_188' title='bbox 491 1920 592 1962; x_wconf 85' lang='lat' dir='ltr'>Brak,</span> <span class='ocrx_word' id='word_1_189' title='bbox 616 1920 753 1963; x_wconf 62' lang='lat' dir='ltr'>Omns„</span> <span class='ocrx_word' id='word_1_190' title='bbox 773 1931 806 1966; x_wconf 92' lang='lat' dir='ltr'>p.</span> <span class='ocrx_word' id='word_1_191' title='bbox 831 1921 925 1965; x_wconf 84' lang='lat'><em>112).</em></span> <span class='ocrx_word' id='word_1_192' title='bbox 947 1941 991 1945; x_wconf 78' lang='lat'>—</span> <span class='ocrx_word' id='word_1_193' title='bbox 1012 1920 1134 1955; x_wconf 87' lang='lat' dir='ltr'>Onkes</span> <span class='ocrx_word' id='word_1_194' title='bbox 1154 1921 1284 1955; x_wconf 87' lang='lat' dir='ltr'>n&#39;amai</span> <span class='ocrx_word' id='word_1_195' title='bbox 1299 1922 1494 1967; x_wconf 86' lang='lat' dir='ltr'>arepentir,</span> <span class='ocrx_word' id='word_1_196' title='bbox 1516 1921 1571 1955; x_wconf 91' lang='lat' dir='ltr'>Ne</span> <span class='ocrx_word' id='word_1_197' title='bbox 1594 1920 1642 1955; x_wconf 90' lang='lat' dir='ltr'>n’i</span> 
     </span>
     <span class='ocr_line' id='line_1_24' title="bbox 150 1975 1143 2023; baseline 0.001 -13"><span class='ocrx_word' id='word_1_198' title='bbox 150 1976 203 2011; x_wconf 87' lang='lat' dir='ltr'>soi</span> <span class='ocrx_word' id='word_1_199' title='bbox 222 1975 305 2010; x_wconf 85' lang='lat' dir='ltr'>faire</span> <span class='ocrx_word' id='word_1_200' title='bbox 325 1977 533 2022; x_wconf 85' lang='lat' dir='ltr'>mesprison.</span> <span class='ocrx_word' id='word_1_201' title='bbox 554 1976 779 2022; x_wconf 86' lang='lat' dir='ltr'>(Audefroid,</span> <span class='ocrx_word' id='word_1_202' title='bbox 798 1977 965 2022; x_wconf 61' lang='lat' dir='ltr'>Mdtzner,</span> <span class='ocrx_word' id='word_1_203' title='bbox 986 1988 1020 2022; x_wconf 86' lang='lat' dir='ltr'>p.</span> <span class='ocrx_word' id='word_1_204' title='bbox 1045 1977 1143 2023; x_wconf 81' lang='lat'>129.)</span> 
     </span>
    </p>

    <p class='ocr_par' dir='ltr' id='par_1_5' title="bbox 199 2031 1226 2078">
     <span class='ocr_line' id='line_1_25' title="bbox 199 2031 1226 2078; baseline 0.001 -12"><span class='ocrx_word' id='word_1_205' title='bbox 199 2042 232 2066; x_wconf 86' lang='lat'>2.</span> <span class='ocrx_word' id='word_1_206' title='bbox 473 2031 529 2066; x_wconf 87' lang='lat' dir='ltr'>Cil</span> <span class='ocrx_word' id='word_1_207' title='bbox 547 2033 607 2078; x_wconf 88' lang='lat' dir='ltr'>qui</span> <span class='ocrx_word' id='word_1_208' title='bbox 620 2032 788 2067; x_wconf 87' lang='lat' dir='ltr'>chantent</span> <span class='ocrx_word' id='word_1_209' title='bbox 809 2033 851 2066; x_wconf 90' lang='lat' dir='ltr'>de</span> <span class='ocrx_word' id='word_1_210' title='bbox 870 2032 938 2066; x_wconf 88' lang='lat' dir='ltr'>flor</span> <span class='ocrx_word' id='word_1_211' title='bbox 956 2043 1000 2066; x_wconf 89' lang='lat' dir='ltr'>ne</span> <span class='ocrx_word' id='word_1_212' title='bbox 1020 2032 1063 2067; x_wconf 92' lang='lat' dir='ltr'>de</span> <span class='ocrx_word' id='word_1_213' title='bbox 1078 2032 1226 2068; x_wconf 87' lang='lat' dir='ltr'>verdure</span> 
     </span>
    </p>

    <p class='ocr_par' dir='ltr' id='par_1_6' title="bbox 433 2088 1569 2248">
     <span class='ocr_line' id='line_1_26' title="bbox 433 2088 1173 2135; baseline 0 -12"><span class='ocrx_word' id='word_1_214' title='bbox 433 2088 487 2123; x_wconf 91' lang='lat' dir='ltr'>Ne</span> <span class='ocrx_word' id='word_1_215' title='bbox 507 2096 645 2122; x_wconf 88' lang='lat' dir='ltr'>sentent</span> <span class='ocrx_word' id='word_1_216' title='bbox 665 2099 726 2133; x_wconf 89' lang='lat' dir='ltr'>pas</span> <span class='ocrx_word' id='word_1_217' title='bbox 742 2088 774 2122; x_wconf 90' lang='lat' dir='ltr'>la</span> <span class='ocrx_word' id='word_1_218' title='bbox 789 2088 912 2123; x_wconf 89' lang='lat' dir='ltr'>doleur</span> <span class='ocrx_word' id='word_1_219' title='bbox 933 2100 1001 2135; x_wconf 88' lang='lat' dir='ltr'>que</span> <span class='ocrx_word' id='word_1_220' title='bbox 1017 2090 1050 2135; x_wconf 86' lang='lat' dir='ltr'>je</span> <span class='ocrx_word' id='word_1_221' title='bbox 1067 2097 1142 2123; x_wconf 88' lang='lat' dir='ltr'>sent</span> <span class='ocrx_word' id='word_1_222' title='bbox 1166 2101 1173 2123; x_wconf 75' lang='grc' dir='ltr'><strong><em>ε</em></strong></span> 
     </span>
     <span class='ocr_line' id='line_1_27' title="bbox 433 2144 1191 2179; baseline 0.001 -1"><span class='ocrx_word' id='word_1_223' title='bbox 433 2144 524 2178; x_wconf 87' lang='lat' dir='ltr'>Ainz</span> <span class='ocrx_word' id='word_1_224' title='bbox 539 2152 619 2179; x_wconf 88' lang='lat' dir='ltr'>sont</span> <span class='ocrx_word' id='word_1_225' title='bbox 635 2155 757 2179; x_wconf 85' lang='lat' dir='ltr'>amanz</span> <span class='ocrx_word' id='word_1_226' title='bbox 775 2146 851 2179; x_wconf 84' lang='lat' dir='ltr'>ausi</span> <span class='ocrx_word' id='word_1_227' title='bbox 872 2156 953 2179; x_wconf 91' lang='lat' dir='ltr'>com</span> <span class='ocrx_word' id='word_1_228' title='bbox 971 2144 1191 2179; x_wconf 85' lang='lat' dir='ltr'>d&#39;aventure.</span> 
     </span>
     <span class='ocr_line' id='line_1_28' title="bbox 799 2200 1569 2248; baseline 0.003 -14"><span class='ocrx_word' id='word_1_229' title='bbox 799 2201 991 2246; x_wconf 87' lang='lat' dir='ltr'>(Eustache</span> <span class='ocrx_word' id='word_1_230' title='bbox 1008 2200 1051 2235; x_wconf 87' lang='lat' dir='ltr'>de</span> <span class='ocrx_word' id='word_1_231' title='bbox 1068 2201 1202 2243; x_wconf 85' lang='lat' dir='ltr'>Reims,</span> <span class='ocrx_word' id='word_1_232' title='bbox 1220 2201 1387 2247; x_wconf 62' lang='lat' dir='ltr'>Mc&#39;itzner,</span> <span class='ocrx_word' id='word_1_233' title='bbox 1410 2212 1444 2247; x_wconf 87' lang='lat' dir='ltr'>p.</span> <span class='ocrx_word' id='word_1_234' title='bbox 1472 2202 1569 2248; x_wconf 85' lang='lat'>113.)</span> 
     </span>
    </p>

    <p class='ocr_par' dir='ltr' id='par_1_7' title="bbox 200 2255 1068 2301">
     <span class='ocr_line' id='line_1_29' title="bbox 200 2255 1068 2301; baseline 0.002 -11"><span class='ocrx_word' id='word_1_235' title='bbox 200 2266 231 2301; x_wconf 88' lang='lat'>3.</span> <span class='ocrx_word' id='word_1_236' title='bbox 449 2256 538 2291; x_wconf 88' lang='lat' dir='ltr'>Mais</span> <span class='ocrx_word' id='word_1_237' title='bbox 557 2255 600 2291; x_wconf 88' lang='lat' dir='ltr'>cil</span> <span class='ocrx_word' id='word_1_238' title='bbox 620 2255 695 2291; x_wconf 89' lang='lat' dir='ltr'>faus</span> <span class='ocrx_word' id='word_1_239' title='bbox 711 2268 904 2292; x_wconf 88' lang='lat' dir='ltr'>amoureus</span> <span class='ocrx_word' id='word_1_240' title='bbox 915 2257 1068 2292; x_wconf 76' lang='lat' dir='ltr'>d’este...</span> 
     </span>
    </p>

    <p class='ocr_par' dir='ltr' id='par_1_8' title="bbox 433 2311 1570 2415">
     <span class='ocr_line' id='line_1_30' title="bbox 433 2311 1178 2359; baseline 0 -12"><span class='ocrx_word' id='word_1_241' title='bbox 433 2312 613 2347; x_wconf 86' lang='lat' dir='ltr'>N&#39;aiment</span> <span class='ocrx_word' id='word_1_242' title='bbox 631 2311 703 2347; x_wconf 88' lang='lat' dir='ltr'>fors</span> <span class='ocrx_word' id='word_1_243' title='bbox 729 2321 836 2359; x_wconf 89' lang='lat' dir='ltr'>quant</span> <span class='ocrx_word' id='word_1_244' title='bbox 856 2312 966 2348; x_wconf 86' lang='lat' dir='ltr'>talent</span> <span class='ocrx_word' id='word_1_245' title='bbox 985 2313 1039 2348; x_wconf 90' lang='lat' dir='ltr'>lor</span> <span class='ocrx_word' id='word_1_246' title='bbox 1065 2321 1178 2359; x_wconf 89' lang='lat' dir='ltr'>prent.</span> 
     </span>
     <span class='ocr_line' id='line_1_31' title="bbox 995 2369 1570 2415; baseline 0 -12"><span class='ocrx_word' id='word_1_247' title='bbox 995 2369 1107 2414; x_wconf 88' lang='lat' dir='ltr'>(Gace</span> <span class='ocrx_word' id='word_1_248' title='bbox 1124 2369 1237 2412; x_wconf 78' lang='lat' dir='ltr'>Brule‚</span> <span class='ocrx_word' id='word_1_249' title='bbox 1255 2369 1422 2412; x_wconf 76' lang='lat' dir='ltr'>Matzner‚</span> <span class='ocrx_word' id='word_1_250' title='bbox 1439 2381 1472 2415; x_wconf 89' lang='lat' dir='ltr'>p.</span> <span class='ocrx_word' id='word_1_251' title='bbox 1491 2371 1570 2414; x_wconf 85' lang='grc' dir='ltr'>4ο.)</span> 
     </span>
    </p>

    <p class='ocr_par' dir='ltr' id='par_1_9' title="bbox 196 2422 907 2470">
     <span class='ocr_line' id='line_1_32' title="bbox 196 2422 907 2470; baseline 0.004 -15"><span class='ocrx_word' id='word_1_252' title='bbox 196 2432 231 2464; x_wconf 85' lang='grc'>4.</span> <span class='ocrx_word' id='word_1_253' title='bbox 448 2423 537 2457; x_wconf 89' lang='lat' dir='ltr'>Mais</span> <span class='ocrx_word' id='word_1_254' title='bbox 556 2422 579 2456; x_wconf 93' lang='lat' dir='ltr'>li</span> <span class='ocrx_word' id='word_1_255' title='bbox 591 2423 748 2470; x_wconf 85' lang='lat' dir='ltr'>faignant</span> <span class='ocrx_word' id='word_1_256' title='bbox 767 2424 907 2470; x_wconf 86' lang='lat' dir='ltr'>prieour</span> 
     </span>
    </p>

    <p class='ocr_par' dir='ltr' id='par_1_10' title="bbox 432 2478 1566 2695">
     <span class='ocr_line' id='line_1_33' title="bbox 432 2478 938 2525; baseline 0.002 -11"><span class='ocrx_word' id='word_1_257' title='bbox 432 2479 531 2514; x_wconf 90' lang='lat' dir='ltr'>Dont</span> <span class='ocrx_word' id='word_1_258' title='bbox 548 2479 580 2525; x_wconf 83' lang='lat' dir='ltr'>ja</span> <span class='ocrx_word' id='word_1_259' title='bbox 599 2478 702 2514; x_wconf 87' lang='lat' dir='ltr'>dame</span> <span class='ocrx_word' id='word_1_260' title='bbox 719 2480 819 2514; x_wconf 86' lang='lat' dir='ltr'>n&#39;iert</span> <span class='ocrx_word' id='word_1_261' title='bbox 839 2482 938 2515; x_wconf 75' lang='lat' dir='ltr'>amee</span> 
     </span>
     <span class='ocr_line' id='line_1_34' title="bbox 433 2534 1012 2582; baseline 0.003 -14"><span class='ocrx_word' id='word_1_262' title='bbox 433 2534 488 2569; x_wconf 91' lang='lat' dir='ltr'>Ne</span> <span class='ocrx_word' id='word_1_263' title='bbox 505 2535 669 2569; x_wconf 79' lang='lat' dir='ltr'>chantem</span> <span class='ocrx_word' id='word_1_264' title='bbox 684 2534 754 2570; x_wconf 93' lang='lat' dir='ltr'>fors</span> <span class='ocrx_word' id='word_1_265' title='bbox 773 2547 817 2570; x_wconf 91' lang='lat' dir='ltr'>en</span> <span class='ocrx_word' id='word_1_266' title='bbox 837 2547 984 2582; x_wconf 88' lang='lat' dir='ltr'>pascour</span> <span class='ocrx_word' id='word_1_267' title='bbox 1005 2548 1012 2570; x_wconf 90' lang='lat'>:</span> 
     </span>
     <span class='ocr_line' id='line_1_35' title="bbox 433 2589 1020 2637; baseline 0.005 -13"><span class='ocrx_word' id='word_1_268' title='bbox 433 2589 519 2625; x_wconf 90' lang='lat' dir='ltr'>Lors</span> <span class='ocrx_word' id='word_1_269' title='bbox 536 2601 572 2625; x_wconf 87' lang='lat' dir='ltr'>se</span> <span class='ocrx_word' id='word_1_270' title='bbox 586 2590 765 2637; x_wconf 87' lang='lat' dir='ltr'>plaignent</span> <span class='ocrx_word' id='word_1_271' title='bbox 783 2603 864 2626; x_wconf 89' lang='lat' dir='ltr'>sans</span> <span class='ocrx_word' id='word_1_272' title='bbox 883 2603 1020 2627; x_wconf 88' lang='lat' dir='ltr'>amour.</span> 
     </span>
     <span class='ocr_line' id='line_1_36' title="bbox 1234 2648 1566 2695; baseline -0.003 -11"><span class='ocrx_word' id='word_1_273' title='bbox 1234 2648 1422 2694; x_wconf 68' lang='lat' dir='ltr'>(Matzner,</span> <span class='ocrx_word' id='word_1_274' title='bbox 1440 2660 1474 2695; x_wconf 91' lang='lat' dir='ltr'>p.</span> <span class='ocrx_word' id='word_1_275' title='bbox 1488 2650 1566 2694; x_wconf 83' lang='lat'>40.)</span> 
     </span>
    </p>
   </div>
  </div>
 </body>
</html>
