1810 2903
818 177 876 183 -
907 168 961 210 49
995 178 1053 184 -

575 247 676 289 L’en
703 245 794 290 doit
819 246 917 290 bien
945 263 1022 304 por
1048 247 1074 290 li
1101 246 1291 299 chanter,

575 323 624 366 Et
649 323 882 366 renvoisier
903 335 944 366 et
971 324 1076 378 joer,

574 399 624 442 Et
650 414 727 442 son
755 414 850 442 cors
877 401 987 443 tenir
1012 399 1104 457 plus
1130 401 1214 458 gai,

575 477 626 520 Et
649 474 701 519 de
729 475 851 519 robes
874 491 1076 529 acesmer,

575 553 626 596 Et
651 551 799 609 chapel
821 550 872 596 de
893 552 975 595 flor
996 566 1138 610 porter

575 630 681 672 Ausi
703 644 799 672 com
825 628 864 672 el
890 630 1001 672 mois
1027 628 1079 673 de
1099 631 1199 673 mai.

254 722 321 766 Sic
336 723 526 767 Musetus
544 723 767 766 amatorias
788 724 1006 767 cantiones
1020 725 1190 782 propria
1208 737 1309 768 nota
1328 725 1523 781 signavit.
1541 725 1682 769 Insur-

191 801 250 855 git
269 798 442 856 quidem
466 798 712 857 aliquando,
743 812 784 843 et
810 799 1006 843 sublimia
1033 812 1283 857 argumenta
1311 800 1568 858 amplificare
1596 814 1680 845 stu-

194 874 280 928 det,
313 875 383 918 sed
414 891 566 933 parum
601 876 842 930 instinctus,
881 889 1090 935 tanquam
1130 876 1208 920 sibi
1247 877 1336 934 ipse
1372 893 1460 921 non
1497 877 1638 921 credat
1671 894 1678 920 :

192 951 329 995 dulcia
365 968 482 1005 vero,
521 952 775 1010 voluptates,
812 954 970 996 amoris
1003 952 1171 1010 gaudia,
1215 953 1317 997 haec
1351 952 1467 997 fuere
1498 955 1535 997 ei
1569 970 1679 1007 cara,

193 1029 294 1071 haec
319 1030 426 1072 vitae
455 1028 784 1074 oblectamenta.
815 1029 914 1073 Plus
941 1042 1054 1074 amat
1080 1030 1213 1074 ridere
1240 1046 1371 1088 quam
1397 1046 1561 1084 canere,
1590 1030 1683 1089 plus

191 1104 365 1148 illudere
391 1121 522 1163 quam
546 1105 666 1150 illudi
697 1123 706 1149 ι
737 1122 826 1149 non
848 1106 981 1150 homo
1003 1119 1068 1150 est
1093 1108 1182 1151 sine
1209 1122 1374 1164 sapore.

901 1272 974 1316 ΙΙΙ.

252 1401 403 1459 Neque
440 1416 491 1445 eo
528 1402 614 1446 risu
649 1414 876 1445 contentus
910 1415 971 1446 est
1007 1417 1152 1460 quern,
1195 1418 1293 1446 cum
1328 1403 1396 1446 vix
1430 1401 1685 1448 diducantur

192 1478 321 1532 labra,
367 1481 609 1536 conjectura
665 1491 831 1523 tantum
864 1480 1059 1537 augurari
1097 1480 1248 1537 possis.
1293 1481 1357 1523 Fit
1396 1479 1612 1525 interdum
1641 1494 1686 1524 ut

193 1571 364 1599 carmen
405 1555 472 1599 vel
515 1556 818 1614 gravissimum
850 1568 1023 1614 repente
1055 1555 1106 1599 ad
1145 1557 1429 1600 imitationem
1464 1557 1685 1601 ridiculam

194 1646 344 1677 vertat.
374 1633 454 1676 Hic
490 1631 622 1686 dolet,
655 1649 699 1676 se
731 1634 873 1676 somni
907 1634 1081 1691 inopem
1119 1634 1358 1688 miseratur,
1388 1633 1466 1677 sibi
1504 1647 1687 1677 mortem

196 1709 432 1754 remedium
466 1725 555 1753 esse
597 1709 806 1754 malorum
839 1725 939 1753 mox
974 1709 1065 1754 fore
1089 1709 1300 1768 praedicat
1336 1727 1344 1753 ε
1376 1723 1415 1754 at
1451 1710 1606 1754 desinit
1643 1712 1686 1754 in

197 1787 354 1844 piscem
363 1821 450 1829 .....

521 1864 594 1906 Ma
621 1862 711 1906 bele
733 1862 867 1907 douce
895 1865 1019 1918 amie,

525 1941 583 1983 La
606 1955 704 1983 rose
729 1953 791 1983 est
818 1941 1015 1997 espanie3

527 2017 694 2060 Desous
715 2016 843 2059 l'ente
867 2016 1004 2070 florie,

525 2094 583 2136 La
609 2105 751 2137 vostre
773 2095 1026 2151 compagnie

529 2171 602 2213 Me
628 2170 701 2213 fait
722 2169 828 2214 molt
854 2182 976 2227 grant
997 2177 1083 2224 ai'e;

527 2248 617 2291 Vos
637 2249 748 2290 seres
775 2246 871 2290 bien
893 2249 1028 2291 servie

530 2324 592 2366 De
610 2338 746 2367 crasse
772 2338 824 2366 oe
848 2325 977 2367 rostie

530 2400 579 2442 Et
598 2399 779 2443 bevrons
806 2401 877 2443 vin
899 2415 967 2442 sor
994 2399 1063 2454 lie,

531 2476 573 2518 Si
600 2491 804 2519 menrons
831 2476 940 2520 bone
961 2478 1044 2520 vie.

266 2568 352 2611 Illic
380 2570 639 2627 pomarium,
671 2572 714 2613 in
749 2586 835 2628 quo
867 2571 955 2615 visa
982 2583 1046 2614 est
1068 2583 1164 2614 ante
1191 2571 1338 2615 oculos
1371 2571 1533 2616 adstare
1558 2575 1695 2632 puella
