1851 2949
821 205 878 210 —
911 193 931 236 3
968 205 1024 211 —.

179 273 304 317 unius
330 272 486 317 codicis
506 273 877 331 transcriptione1‚
907 275 1011 327 sive,
1042 272 1151 331 apud
1188 288 1283 326 nos,
1313 272 1489 317 ridicula
1521 273 1666 318 indili-

180 350 357 406 gentia².
381 350 476 393 Hoc
502 361 646 392 tamen
673 349 856 393 deterius
881 362 889 389 :
914 349 1088 402 scilicet,
1130 350 1345 392 rarissime
1373 362 1568 394 curatum
1605 363 1668 394 est

181 437 226 468 ut
260 426 406 468 omnia
439 424 631 482 ejusdem
659 437 809 483 poetae
839 426 1027 469 carmina
1064 426 1107 469 in
1144 440 1279 469 unum
1319 439 1592 483 cogerentur,
1626 439 1667 470 et

181 501 291 545 inter
310 513 484 545 centum
504 500 591 545 duo
609 513 651 545 et
672 503 979 560 quinquaginta
999 501 1170 558 lyricos,
1201 503 1272 545 vix
1299 500 1525 546 duodecim
1546 518 1668 561 repe-

182 578 262 620 rias
289 593 475 636 quorum
502 594 644 636 opera,
677 577 752 622 tibi
780 579 907 622 unius
940 577 1035 621 libri
1062 579 1235 636 paginas
1269 578 1501 632 evolventi,
1532 578 1668 636 legere

181 653 339 698 liceret.
369 656 496 712 AEgre
522 656 653 709 enim,
677 656 711 697 si
733 654 893 712 aliquot
915 654 1137 708 Schelerii‚
1160 653 1300 698 Fathii
1325 667 1365 698 et
1385 655 1670 698 Brakelmanii

183 729 390 774 editiones
429 733 656 788 exceperis,
703 732 891 789 quinque
927 730 995 775 vel
1035 746 1107 774 sex
1155 731 1267 774 tertii
1316 730 1470 774 decimi
1515 731 1672 775 saeculi

182 806 336 863 lyricos
351 822 599 850 enumerare
614 808 766 864 possis,
785 805 1001 850 Adamum
1015 807 1113 850 dela
1127 807 1252 860 Hale,
1270 806 1508 850 Iohannem
1525 807 1668 860 Bretel,

184 882 421 926 Iohannem
446 882 618 937 Μοφιὶοΐ,
640 898 826 941 quorum
847 884 993 926 omnia
1019 899 1126 941 quae
1167 896 1394 941 supersunt
1427 899 1554 941 opera
1580 883 1670 941 glo-

187 974 349 1003 merare
374 971 415 1002 et
441 958 563 1003 edere
586 958 745 1017 dignati
772 960 855 1003 sint
878 958 1046 1004 eruditi.
1076 959 1198 1004 Nihil
1220 959 1342 1003 nobis
1374 961 1419 1003 in
1446 973 1666 1018 promptu,

186 1035 291 1079 nihil
310 1051 409 1093 prae
437 1052 566 1080 manu
592 1037 779 1093 positum
801 1036 882 1079 nisi
907 1035 1164 1080 collectanea
1190 1036 1398 1094 quaedam
1426 1051 1550 1080 caeco
1578 1052 1673 1081 casu

188 1111 304 1156 nullo
321 1112 561 1156 discrimine
581 1125 798 1169 congesta,
819 1111 971 1170 quibus
987 1111 1151 1157 diversa
1163 1112 1428 1157 diversorum
1445 1125 1672 1157 auctorum

186 1190 373 1232 carmina
394 1191 632 1246 promiscue
654 1189 762 1232 sicut
783 1188 869 1232 fors
888 1189 1087 1232 obtulerit
1108 1205 1129 1232 e
1151 1188 1367 1233 codicibus
1386 1189 1528 1243 libata,
1554 1205 1670 1233 com-

187 1278 417 1323 ponuntur.
448 1265 623 1308 Librum
651 1281 673 1308 a
701 1266 987 1309 Maetznerio3
1020 1265 1241 1309 collectum
1269 1265 1424 1323 replica
1457 1279 1466 1305 τ
1500 1281 1673 1309 carmen

188 1341 380 1385 Gualteri
391 1342 436 1385 de
446 1342 618 1399 Dargies
635 1342 823 1399 primum
839 1343 1038 1385 occurrit.
1055 1343 1259 1399 Paginam
1271 1341 1396 1386 volve
1415 1359 1422 1385 :
1440 1341 1676 1386 secundum

189 1419 332 1461 statim
348 1417 537 1462 offendes
550 1434 571 1461 a
589 1418 689 1462 Gace
705 1418 832 1461 Brule'
842 1419 1148 1476 compositum,
1167 1419 1340 1462 tertium
1363 1434 1385 1461 a
1402 1418 1676 1462 vicedomino

190 1495 446 1548 Carnutum,
478 1506 678 1552 quartum
706 1511 728 1538 a
756 1495 881 1537 Petro
907 1495 949 1537 de
974 1495 1189 1548 Malaines,
1219 1496 1419 1553 quintum
1447 1510 1469 1537 a
1497 1495 1677 1540 Conone

190 1570 482 1624 Bethuniensi,
507 1583 676 1614 sextum
697 1586 719 1614 a
741 1570 847 1614 duce
868 1570 1149 1625 Brabantino;
1174 1571 1244 1615 hic
1265 1572 1463 1629 Hugonis
1485 1570 1536 1615 de
1557 1573 1678 1629 Bregi

191 1648 435 1691 cantionem
463 1646 617 1702 habes3
649 1647 717 1691 hic
745 1648 935 1690 Mauritii
967 1647 1253 1691 Credonensis
1276 1663 1474 1704 carmen3
1514 1663 1680 1691 nonum

190 1723 370 1779 Jacobus
390 1724 432 1766 de
452 1724 589 1778 Cisom,
621 1723 839 1768 decimum
860 1724 1022 1782 scripsit
1044 1723 1301 1781 Radulphus
1320 1740 1463 1767 comes
1492 1725 1683 1768 Suessio-

193 1801 348 1844 nensis.
373 1801 534 1844 Decem
564 1813 775 1858 poemata,
807 1800 954 1844 decem
967 1800 1094 1844 simul
1114 1814 1264 1858 poetae
1291 1812 1386 1844 ante
1413 1813 1510 1845 tuos
1532 1800 1682 1845 oculos

192 1889 494 1921 successerunt.
528 1878 652 1928 Quae
684 1893 786 1921 cum
820 1879 878 1920 ita
916 1878 1014 1931 sint,
1057 1893 1110 1920 an
1145 1876 1229 1921 ulla
1262 1893 1469 1935 unquam,
1502 1893 1678 1936 quaeso,

193 1966 281 1998 tarn
311 1953 575 2012 praepollens
602 1966 826 2011 poetarum
853 1953 997 1997 schola
1023 1954 1195 2006 exstitit,
1222 1969 1346 2011 quae,
1371 1953 1476 1997 adeo
1504 1955 1615 1998 invia
1642 1968 1685 1998 et

193 2031 422 2084 inaccessa,
453 2029 695 2074 studentem
725 2030 824 2074 odio
855 2046 942 2074 non
969 2030 1191 2084 obtundat,
1228 2029 1367 2073 taedio
1395 2046 1482 2074 non
1509 2032 1685 2075 enecet?

195 2106 290 2148 Hoc
315 2105 391 2148 tibi
416 2106 528 2163 finge
549 2105 719 2148 animo:
753 2106 795 2148 Si
822 2104 929 2148 forte
956 2104 1126 2148 cuidam
1155 2104 1327 2162 gallicos
1346 2103 1684 2149 duodevicesimi

199 2181 352 2225 saeculi
400 2181 620 2239 elegorum
670 2183 896 2239 scriptores
943 2182 1184 2225 aestimanti
1231 2181 1396 2226 nullum
1443 2180 1684 2225 studiorum

199 2258 535 2302 instrumentum
576 2257 816 2316 suppeditet
851 2259 930 2301 nisi
968 2257 1187 2316 quoddam
1229 2258 1517 2316 spicilegium,
1567 2257 1683 2316 quod

254 2432 284 2456 1.
313 2420 446 2456 Confer
470 2420 733 2467 Wackernagel,
763 2421 871 2466 Altsr.
903 2421 1037 2461 Lc'edem
1071 2420 1200 2463 Keller,
1230 2421 1409 2461 Romamn&
1436 2420 1683 2464 Brakelmann,

203 2477 403 2523 Archivfizr
418 2477 451 2511 d.
471 2476 566 2512 stud.
584 2477 650 2510 der.
671 2488 704 2511 Ιι.
719 2477 794 2523 SPr.
818 2488 852 2510 u.
874 2477 956 2511 Litt.
976 2484 1001 2510 t.
1022 2477 1196 2519 XLIII-V,
1210 2485 1307 2511 etc...

251 2552 284 2577 2.
313 2541 446 2576 Confer
471 2540 598 2584 Tame,
616 2541 674 2575 Les
693 2541 799 2576 Poetes
815 2540 850 2575 de
862 2541 1068 2586 Changlmgnc
1083 2543 1263 2576 ante'rienrs
1282 2542 1301 2575 ὰ
1319 2541 1385 2575 l'cm
1403 2552 1505 2586 1500.

254 2608 284 2643 3.
313 2597 482 2640 Matzner,
505 2597 612 2643 Altsr.
634 2597 757 2631 Μαῖαν.
