1851 2949
812 227 1042 270 -25-

239 308 365 365 Ergo,
391 323 510 351 amor
534 307 753 351 inclinatio
781 321 844 351 est
869 323 953 366 qua
979 306 1031 351 ad
1054 307 1163 351 bona
1185 319 1336 365 sponte
1371 320 1513 351 nostra
1544 306 1666 350 indu-

181 384 333 427 cimur.
364 384 487 434 Quae
513 400 609 428 cum
636 385 692 427 ita
719 386 819 437 sint,
850 397 895 427 ut
923 384 1041 427 nulla
1070 384 1233 427 femina
1260 383 1477 441 diligenda
1499 396 1559 426 est
1586 384 1668 426 nisi

182 475 378 504 amorem
405 462 575 513 meruit,
600 461 658 503 sic
681 474 826 504 mutua
853 461 943 518 lege
973 461 1114 505 nullus
1141 476 1288 503 amans
1316 475 1457 503 rursus
1489 459 1671 517 diligen-

183 536 279 589 dus,
308 537 389 580 nisi
418 536 522 580 bene
548 537 738 580 meritus.
770 538 960 580 Domina
987 538 1103 580 enim
1125 553 1212 580 non
1240 537 1364 580 bruto
1386 549 1427 580 et
1443 535 1668 580 luxurioso

183 611 394 671 cupidinis
429 612 576 656 ardore
612 611 664 655 ad
696 625 735 656 te
765 614 950 670 rapietur
986 630 994 656 :
1039 625 1086 656 ut
1119 612 1235 656 nullo
1274 611 1534 656 immutabili
1580 611 1669 655 fato

182 702 355 733 coactus
385 688 436 732 ad
470 688 587 732 illam
620 704 815 747 praeceps
844 688 998 742 abiisti,
1035 690 1092 732 sic
1129 688 1238 732 nolis
1277 689 1549 745 repentinum
1581 703 1670 732 cae-

184 781 366 824 cumque
407 766 540 808 animi
574 767 784 823 impetum
822 781 1003 823 sperare,
1048 781 1132 823 quo
1160 764 1345 823 impulsa
1382 766 1426 808 in
1463 764 1672 808 ditionem

183 855 299 886 tuam
326 842 558 899 subigatur,
595 843 691 899 quia
722 841 895 899 pulcher
931 858 974 885 es
1009 856 1048 886 et
1078 858 1209 886 amas.
1246 843 1384 885 Amor
1416 841 1495 885 tibi
1534 842 1672 898 pretio

184 918 517 977 comparandus;
547 934 668 962 amor
700 920 863 962 meritis
893 934 966 976 par
989 931 1095 962 esto.
1121 917 1239 968 Quid
1266 931 1359 962 tum
1391 917 1523 961 inde?
1546 917 1672 962 Scili-

184 1009 248 1040 cet
267 1011 387 1039 amor
413 995 508 1039 fons
535 997 766 1048 virtutum3
797 1011 918 1039 amor
949 996 1081 1039 vitam
1108 994 1305 1038 honestat
1335 1012 1343 1038 :
1388 1011 1408 1035 «
1442 996 1586 1039 Nemo
1619 993 1672 1038 de

185 1071 401 1130 dignitatis
427 1071 560 1130 gradu
586 1071 805 1115 demoveri
832 1084 987 1129 potest,
1008 1070 1080 1115 ubi
1109 1085 1244 1126 amat3
1278 1087 1362 1129 quo
1391 1072 1527 1129 magis
1555 1086 1672 1115 ama-

186 1148 260 1201 bit,
291 1164 342 1193 eo
369 1148 524 1192 melior
555 1149 673 1193 fiet1.
702 1165 722 1188 >³

245 1228 382 1270 Amor
413 1226 635 1269 hominem
673 1241 695 1269 e
734 1226 892 1269 rustico
927 1226 971 1268 in
1006 1224 1215 1268 urbanum
1249 1225 1520 1278 convertit²;
1557 1239 1676 1268 amor

186 1302 341 1347 arbiter
361 1303 679 1360 elegantiarum,
705 1303 906 1358 magister
927 1302 1156 1354 comitatis,
1175 1300 1505 1354 munditiarum,
1524 1300 1624 1344 fidei
1638 1309 1672 1355 33

186 1394 331 1422 amore
360 1378 410 1422 ad
437 1379 649 1422 honorem
671 1379 767 1433 itur,
798 1394 876 1422 nec
897 1378 1010 1422 ullus
1038 1393 1136 1421 vera
1154 1379 1446 1422 aestimatione
1473 1378 1674 1436 perpendi

185 1467 339 1513 potest,
369 1457 450 1499 nisi
477 1457 592 1513 prius
613 1455 663 1499 ab
689 1457 851 1498 Amore
878 1454 1149 1499 domitatus4.
1179 1454 1254 1498 Ille
1279 1454 1460 1498 militem
1490 1453 1671 1513 perficit,

238 1596 268 1621 1.
486 1586 602 1620 Haute
619 1585 726 1619 chose
743 1596 762 1618 a
781 1595 824 1618 en
840 1595 941 1618 amor
956 1596 963 1617 ε

470 1642 556 1676 Bien
576 1641 608 1675 la
623 1640 697 1675 doit
716 1640 839 1687 garder
856 1640 890 1673 ki
907 1640 952 1674 l'a
967 1640 973 1673 !

470 1697 524 1732 Ne
544 1705 627 1743 puet
647 1696 751 1731 faillir
771 1708 790 1730 a
807 1696 923 1730 honor

471 1754 553 1788 Fins
570 1764 668 1787 cuers
689 1764 734 1786 ou
757 1751 824 1786 elle
842 1763 933 1786 sera.

471 1809 515 1843 Ki
536 1808 612 1855 plus
633 1809 737 1850 aime,
761 1807 839 1854 plus
860 1815 972 1842 metra

543 1864 710 1899 Trestout
728 1875 794 1898 son
808 1864 899 1897 desit

544 1920 597 1954 En
614 1921 686 1955 bon
706 1920 861 1954 devenir.

828 1974 1088 2020 (Ghislebertus
1104 1975 1146 2009 de
1164 1975 1369 2018 Bernevilla,
1389 1975 1542 2018 Scheler¹,
1563 1988 1595 2022 p.
1621 1976 1682 2021 83)

237 2056 270 2080 2.
487 2042 661 2076 Amors...
682 2052 745 2075 vos
765 2040 862 2074 faites
881 2051 941 2086 par
958 2041 1108 2074 estavoir

471 2098 536 2133 Les
555 2097 678 2131 vilains
699 2097 828 2131 cortois
847 2096 1001 2130 devenir.

890 2152 1095 2197 (Mathaeus
1116 2151 1158 2185 de
1177 2151 1363 2194 Gandavo,
1385 2151 1534 2194 §chelm-¹,
1557 2152 1609 2197 3.)

239 2234 270 2269 3.
489 2219 558 2253 Car
577 2218 755 2252 d'Amour
773 2229 792 2251 a
810 2217 999 2251 maintenir

474 2275 574 2310 Naist
587 2273 677 2308 solas
697 2282 730 2308 et
750 2273 899 2315 druerie,

476 2331 518 2365 Et
534 2330 739 2377 quanqu’on
759 2337 842 2375 puet
860 2328 1011 2364 accoillir

617 2386 671 2420 De
691 2385 864 2420 cortoisie.

1327 2430 1462 2476 (Arch.,
1480 2430 1610 2475 LXII.)

239 2495 275 2527 4.
492 2481 658 2515 D'amors
674 2479 771 2514 vient
781 2479 851 2525 joie
863 2487 896 2513 et
906 2479 1023 2513 honor
1041 2477 1230 2520 ausiment,

474 2537 529 2570 Ne
550 2535 628 2570 nuls
645 2545 689 2569 ne
707 2543 789 2581 puet
809 2535 906 2569 avoir
922 2535 1155 2570 entierement

475 2592 556 2626 Prix
580 2602 624 2626 ne
644 2590 753 2633 valor,
773 2590 904 2625 s'amor
924 2601 968 2625 ne
987 2590 1019 2625 le
1038 2591 1170 2636 jostise.

1215 2644 1350 2690 (Arch.,
1372 2643 1610 2688 cxxxvn.)
