1810 2903
787 169 1021 210 -23—

158 277 307 321 pravos
347 261 543 305 homines
587 262 659 319 qui
704 262 747 304 in
793 273 981 304 amantes
1018 259 1240 304 mendacia
1281 271 1439 313 serunt,
1482 258 1642 303 calum-

159 340 248 382 nias
275 339 457 396 fingunt.
486 355 505 377 ‹<
542 336 720 381 Diffidas
749 336 831 395 (sic
867 336 1087 380 dominam
1121 338 1358 380 innumeris
1384 335 1644 380 carminibus

160 412 503 471 obtestatisuut),
520 412 682 457 diffidas
709 414 957 457 criminibus
987 427 1026 457 et
1048 411 1419 456 criminatoribus!
1438 413 1509 455 Me
1527 413 1643 470 peri-

159 486 329 544 cliteris,
376 490 441 534 vel
480 489 731 544 diutissime,
775 490 987 544 conced03
1030 489 1103 533 sed
1148 506 1195 533 ea
1232 489 1324 548 lege
1374 488 1565 533 concedo
1602 502 1648 533 ut

160 567 309 611 eadem
343 568 500 611 trutina
526 566 673 610 rivales
702 568 785 610 mei
808 579 1053 624 pensentur,
1093 566 1195 610 dum
1229 567 1405 610 virtutes
1432 577 1649 609 ostentant

161 660 263 702 quas
285 660 371 686 non
399 644 479 686 nisi
506 645 710 700 temporis
735 643 1010 687 diuturnitate
1034 643 1208 700 probare
1227 642 1302 686 tibi
1327 642 1491 685 licebit!
1523 658 1544 681 ›>

221 721 343 770 Quae
369 732 467 763 sunt
491 732 632 763 autem
661 720 779 763 istius
807 721 1063 762 necessariae
1091 719 1420 776 exspectationis
1447 719 1646 776 propria?

219 797 434 854 Imprimis
467 796 780 840 modestissima
812 809 918 839 esto.
946 797 1014 840 Ne
1044 797 1171 838 nimis
1205 793 1356 839 audeat
1388 809 1551 845 amans,
1576 793 1648 837 sed

162 889 283 932 prece
314 886 352 918 et
385 873 692 931 supplicatione
733 872 885 916 humili
927 880 1113 926 utatur1‚
1148 883 1374 915 contentus
1408 872 1441 914 si
1472 869 1649 914 domina

161 965 337 994 amoeno
358 949 488 994 verbo
509 951 679 1007 risuque
705 949 771 993 vel
799 948 1016 992 levissimo
1039 960 1102 992 tot
1118 961 1158 992 et
1183 950 1306 991 tantis
1330 949 1439 991 curis
1473 962 1647 1004 respon-

163 1025 310 1071 derit2.
340 1025 514 1069 Daedali
542 1029 643 1082 ϋὲριν
665 1028 769 1069 vitet
790 1043 798 1069 z
823 1040 923 1068 nam
942 1025 1133 1068 medium
1154 1037 1328 1068 tenuere
1351 1023 1460 1067 beati
1475 1031 1504 1067 ³.
1529 1024 1648 1067 Lon-

161 1105 345 1162 ginquae
368 1114 512 1146 autem
534 1103 621 1161 spei
643 1115 684 1145 et
711 1101 874 1146 dierum
896 1117 1078 1145 numero
1099 1101 1283 1145 confidat
1308 1114 1316 1140 :
1342 1099 1511 1157 singula
1530 1101 1647 1143 enim

162 1179 371 1224 stillicidia
388 1195 519 1237 aquae
541 1178 724 1222 cadentis
746 1178 907 1222 silicem
930 1186 1172 1221 excavant4.

222 1255 433 1309 Secundo,
465 1255 697 1300 dolendum
723 1268 798 1299 est.
838 1254 999 1298 Acerbe
1020 1253 1195 1312 quidem
1223 1252 1530 1304 vexationibus,
1554 1267 1650 1295 sus-

163 1332 413 1392 picionibus,
479 1333 658 1390 injuriis,
712 1347 817 1389 quae
866 1332 1239 1388 exspectationem,
1300 1342 1349 1374 ut
1400 1328 1650 1387 pedisequae

164 1408 394 1462 deducunt,
431 1408 692 1453 cruciaberis.
734 1407 815 1451 Sed
859 1407 962 1451 haec
997 1420 1059 1450 est
1100 1408 1255 1450 amoris
1292 1406 1503 1450 nobilitas.
1551 1405 1648 1448 Hoc

163 1488 294 1530 veteri
330 1498 498 1529 nostrae
524 1486 643 1543 poesi
670 1500 842 1528 summo
869 1484 1024 1537 decori,
1056 1483 1136 1527 hoc
1175 1483 1305 1527 medii
1333 1483 1422 1526 aevi
1448 1481 1601 1539 lyricos
1627 1497 1649 1524 a

165 1561 456 1607 mediocritate
487 1561 689 1615 vindicat,
719 1560 835 1619 quod
865 1561 1042 1618 professi
1076 1572 1176 1604 sunt
1213 1574 1342 1617 quam
1386 1559 1646 1602 necessarius

165 1640 219 1683 sit
239 1639 378 1694 dolor,
409 1654 536 1696 quam
558 1637 710 1681 nobilis
738 1654 747 1681 :

314 1725 396 1769 Car
416 1724 498 1767 fins
518 1724 624 1767 amis
649 1721 739 1766 doit
758 1723 873 1766 avoir
895 1722 1093 1765 connoiss
1103 1735 1208 1764 ance

314 1799 502 1850 Qu’ad'es
521 1812 620 1843 Vaut
645 1798 767 1841 mielz
787 1814 839 1841 en
862 1810 949 1841 tote
971 1798 1058 1840 rien
1093 1796 1341 1840 soffrance5.

218 1922 230 1946 1
245 1940 252 1947 .
473 1910 570 1956 Trop
588 1909 663 1944 font
680 1909 748 1944 chil
764 1917 882 1944 amant
903 1921 920 1944 a
942 1909 1016 1942 hair

449 1967 521 2008 Qui
539 1966 733 2012 requierent
751 1965 1016 1999 hardiement...
1034 1972 1131 1999 etc...

1126 2018 1273 2064 (Adam,
1296 2018 1427 2060 XVIII,
1449 2029 1482 2063 p.
1503 2017 1582 2062 72.)

214 2098 252 2124 2.
474 2086 566 2121 C’un
587 2085 641 2120 bel
660 2084 833 2120 semblant
850 2088 949 2119 eusse
969 2096 1008 2118 or
1029 2096 1072 2118 au
1090 2084 1242 2130 premier

618 2142 673 2175 De
690 2149 806 2175 vostre
826 2141 964 2175 douche
982 2140 1093 2186 figure
1109 2141 1115 2174 ἔ

1123 2195 1271 2241 (Adam,
1295 2193 1427 2237 XXIV,
1450 2205 1483 2239 p.
1504 2193 1582 2240 95.)

221 2257 234 2292 3
249 2274 256 2281 .
476 2245 742 2280 Moiennement
760 2244 926 2278 convient
943 2243 1024 2278 aler.

453 2300 607 2335 Dedalus
629 2299 762 2346 qu’ensi
783 2307 866 2333 vaut
883 2309 1010 2333 ouvrer

616 2355 666 2389 Le
685 2354 828 2397 senefie,

451 2411 492 2446 Et
509 2422 561 2445 ses
582 2410 669 2445 fieus
686 2411 760 2457 qui,
779 2421 839 2456 par
859 2421 894 2444 se
916 2409 1009 2451 folie,

452 2467 502 2501 Fu
522 2474 601 2501 tous
622 2478 675 2500 ars
692 2478 752 2512 par
770 2474 847 2511 trop
865 2466 952 2500 haut
965 2464 1074 2499 voler.

1210 2510 1358 2555 (Adam,
1378 2508 1424 2551 V,
1444 2519 1478 2554 p.
1502 2508 1582 2553 23.)

217 2587 255 2620 4.
477 2577 546 2611 Car
562 2576 651 2612 l’eau
673 2577 730 2623 qui
750 2577 842 2611 chiet
860 2585 939 2611 ront
958 2576 1040 2611 bien
1060 2575 1093 2610 la
1113 2575 1221 2620 pierre
1238 2574 1323 2608 bise.

1009 2631 1151 2677 (Couci,
1172 2630 1287 2672 Brak„
1310 2628 1450 2671 Cham„
1468 2627 1587 2672 XVI.)

224 2708 255 2742 5.
283 2696 484 2733 Gualterius
500 2697 694 2744 d'Espinau,
718 2697 833 2740 Brak.,
854 2696 992 2739 Chans.‚
1015 2695 1111 2730 XVI.
