1810 2903
816 158 1074 200 „103-

525 240 636 283 Ades
661 255 705 283 se
726 240 899 297 peinent
919 237 1140 281 d’encuser

524 315 622 360 Cels
647 315 718 372 qui
736 313 833 358 bien
855 313 1012 356 aiment
1037 327 1132 356 sans
1151 310 1322 364 fausser,

207 405 253 449 15
525 391 568 434 Si
595 390 683 433 s’en
709 388 855 433 doient
877 387 985 432 molt
1004 387 1101 430 bien
1123 385 1270 443 garder

522 466 572 509 Et
590 465 655 509 lor
675 464 924 522 compagnie
945 462 1158 506 eschever.

931 536 952 558 *

910 573 972 595 ΞΒ*

527 618 575 672 Je
597 614 710 660 vueil
731 614 829 658 bien
855 628 924 658 ma
950 612 1074 658 dame
1094 613 1270 656 noncier

529 692 628 741 Que
647 692 685 747 je
706 691 770 734 sui
790 702 856 734 tos
875 690 987 733 siens
1007 704 1102 732 sans
1121 688 1305 741 trichier,

527 769 597 812 Ne
624 768 664 823 ia
689 765 739 810 de
764 765 793 809 li
819 766 949 824 partit
974 780 1027 808 ne
1053 766 1173 822 quier
1196 781 1205 807 :

209 859 264 888 20
529 842 642 887 Ades
662 841 778 886 vueil
798 853 907 885 estre
926 856 980 884 en
1000 855 1079 884 son
1100 839 1291 897 dongier.

648 917 848 961 Trestote
875 931 945 959 ma
969 916 1036 959 vie

649 993 813 1036 Menrai
840 991 950 1035 bone
974 992 1039 1034 vie
1064 1007 1072 1034 :

648 1068 751 1111 Fine
778 1081 919 1110 amors
944 1067 1059 1110 m'en
1084 1067 1172 1123 prie

647 1143 745 1193 Que
771 1142 844 1186 m’i
865 1155 965 1200 puet
985 1140 1116 1185 aidier
1129 1158 1141 1194 ;

210 1233 260 1276 25
647 1220 695 1275 Je
717 1217 787 1262 nel
807 1218 923 1260 lairai
943 1217 1028 1260 mie

651 1294 734 1337 Por
759 1293 799 1336 la
819 1304 920 1350 gent
942 1291 1036 1335 ha'1'e
1066 1307 1075 1336 :

652 1370 737 1412 Lor
762 1380 885 1424 grant
903 1367 1061 1411 vilonie

652 1444 720 1489 Ne
744 1444 828 1501 pris
854 1458 914 1488 un
937 1441 1106 1496 denier;

534 1520 600 1564 Ne
626 1532 793 1563 servent
817 1518 903 1562 fors
929 1533 1010 1576 que
1036 1517 1088 1562 de
1111 1517 1285 1575 jengler‚

255 1630 299 1665 V.
327 1640 380 1675 13,
404 1640 440 1664 se
460 1638 613 1675 poenent
630 1629 826 1663 dencuseir.
842 1628 942 1663 —V.
967 1637 1021 1670 14,
1041 1627 1135 1662 ceuls
1156 1627 1215 1673 qui
1232 1627 1314 1661 bien
1335 1626 1506 1662 aimment
1523 1637 1602 1661 sens
1623 1625 1696 1659 fau·

209 1686 291 1720 ceir.
311 1705 357 1711 —
371 1685 415 1719 V.
438 1695 450 1719 1
462 1693 491 1728 ς,
509 1696 545 1719 se
559 1695 665 1720 sen...
683 1684 834 1731 gardeir.
847 1702 892 1709 —
905 1683 951 1718 V.
975 1682 1029 1725 16,
1046 1682 1266 1728 compaignie
1283 1682 1440 1716 eschevir
1460 1681 1695 1726 (Brakelmann

211 1741 287 1787 legit
305 1740 386 1774 male
404 1740 563 1774 eschueir
582 1745 612 1774 et
630 1741 766 1785 corrigit
786 1739 989 1783 eschineir).
1011 1758 1057 1764 —
1076 1738 1123 1773 V.
1137 1747 1192 1782 17,
1214 1738 1245 1771 ie
1265 1737 1359 1771 ueul.
1383 1758 1427 1763 —
1447 1737 1491 1771 V.
1520 1737 1574 1778 18,
1596 1737 1648 1770 ΚΕ
1664 1736 1696 1770 ie

212 1807 291 1831 seus
310 1804 388 1830 tous
411 1806 439 1829 s.
466 1806 558 1831 senS.
581 1815 628 1820 -—
652 1794 697 1830 V.
729 1805 783 1841 19,
803 1805 847 1828 ne
867 1794 912 1828 iai
932 1793 975 1828 de
996 1793 1021 1827 li
1039 1793 1157 1838 pertir.
1179 1813 1222 1818 —
1244 1793 1289 1827 V.
1311 1802 1367 1833 20,
1390 1792 1485 1826 ueul.
1506 1811 1553 1816 —
1571 1791 1617 1826 V.
1637 1801 1694 1833 21,

213 1859 393 1886 trestoute.
419 1870 465 1875 —
487 1851 532 1884 V.
556 1860 613 1891 22,
636 1849 803 1884 Moinrai.
825 1868 871 1874 -
886 1848 931 1883 V.
959 1859 1016 1893 23,
1053 1848 1124 1882 fine
1146 1859 1256 1882 amor.
1276 1867 1322 1872 —
1341 1847 1385 1881 V.
1415 1856 1473 1889 24,
1493 1847 1546 1881 ΚΕ
1566 1847 1628 1880 mi.
1654 1866 1697 1871 --

212 1906 257 1940 V.
278 1914 335 1948 25,
360 1906 391 1939 ie
411 1917 455 1940 ne
475 1905 569 1940 lairai
593 1905 676 1940 mie.
695 1925 740 1931 —
759 1903 805 1939 V.
829 1914 887 1949 27,
905 1903 1083 1938 uelonnie.
1102 1923 1149 1928 —
1168 1903 1212 1937 V.
1234 1903 1290 1945 28,
1312 1913 1356 1937 ne
1376 1903 1483 1948 prixe,
1504 1922 1550 1927 —
1569 1902 1615 1936 V.
1641 1911 1698 1947 29,

212 1962 254 1996 ke
273 1962 316 1996 de
335 1960 493 2008 iangleir.

258 2097 304 2102 —
325 2077 368 2112 V.
394 2087 451 2120 25,
473 2088 520 2112 ss.
542 2097 589 2101 —
603 2077 639 2120 Je
662 2077 711 2110 nel
731 2077 834 2110 lairaz'
854 2077 928 2110 mie.
952 2074 1083 2120 Scripsi
1099 2075 1150 2108 nel
1169 2085 1231 2120 pro
1252 2086 1301 2117 ne,
1322 2073 1417 2119 quod
1437 2072 1648 2107 vocabulum
1668 2073 1704 2106 in

214 2132 334 2167 codice
352 2132 501 2178 legitur;
520 2133 568 2166 sic
591 2132 687 2166 enim
705 2131 863 2177 intelligo
886 2143 893 2164 :
916 2143 934 2162 «
956 2131 1071 2164 Arnor
1090 2141 1146 2164 me
1166 2130 1370 2171 obtestatur,
1390 2129 1517 2174 quippe
1537 2128 1596 2173 qui
1616 2128 1705 2161 mihi

215 2186 369 2222 auxiliari
384 2187 504 2233 possit,
525 2198 588 2221 nec
605 2187 648 2221 de
671 2187 850 2232 proposito
866 2186 1038 2227 recedam,
1052 2193 1117 2219 etc.
1137 2198 1154 2217 »
1170 2205 1216 2210 —
1231 2184 1371 2220 Codicis
1386 2191 1504 2218 tamen
1518 2183 1706 2217 lectionem

215 2241 358 2277 fortasse
374 2243 525 2277 retinere
542 2250 654 2288 potes,
675 2243 701 2277 si
719 2242 828 2276 modo
846 2241 892 2276 sic
911 2241 1138 2286 interpungas
1158 2252 1164 2273 :

717 2297 801 2331 Fine
819 2307 936 2330 amors
957 2296 1052 2330 m’en
1070 2296 1142 2341 prie
1161 2307 1168 2330 :

717 2352 799 2392 Que
816 2351 878 2385 m'i
895 2359 977 2396 puet
997 2351 1104 2385 aidier

711 2406 751 2451 Je
772 2417 815 2440 ne
836 2406 934 2440 lairai
955 2406 1068 2440 mie...

265 2461 400 2496 Scilicet
424 2473 431 2495 z
455 2462 599 2496 «Amor
611 2472 667 2496 me
683 2462 888 2503 obtestatur,
901 2472 1016 2507 neque
1031 2460 1065 2494 id
1080 2460 1173 2506 quod
1188 2460 1274 2494 mihi
1294 2459 1460 2505 adjuvare
1475 2465 1588 2504 potest
1603 2457 1712 2504 negli-

225 2528 319 2563 gam.
344 2530 361 2548 >)

268 2573 329 2613 At,
356 2579 597 2617 praeterquam
627 2571 722 2617 quod
741 2572 804 2605 ista
824 2571 1012 2606 verborum
1029 2571 1178 2605 inversio
1201 2569 1386 2616 singularis
1410 2577 1473 2610 est,
1494 2578 1634 2603 necesse
1655 2576 1707 2603 est

221 2638 374 2669 moram,
398 2627 557 2673 rhythmi
575 2638 690 2669 causa,
712 2627 901 2674 interponi,
922 2637 1010 2673 quae
1027 2637 1147 2661 versus
1165 2636 1208 2669 24
1225 2635 1257 2660 et
1279 2634 1318 2669 25
1337 2624 1526 2670 disjungat.
