1810 2903
622 344 855 398 CAPUT
900 346 1186 400 SEXTUM

444 529 499 560 DE
531 531 727 561 SERMONE
759 533 931 563 NICOLAI
967 533 1366 566 ANIMADVERSIONES

219 762 372 805 Utrum
401 762 546 804 omnia
566 776 673 818 quae
692 760 799 804 infra
826 777 976 805 excusa
1003 761 1314 818 publicavimus
1335 766 1522 809 carmina
1549 783 1645 811 nos-

157 850 222 880 tro
247 850 395 894 poetae
417 839 521 894 jure,
546 853 599 880 an
620 852 747 895 prava
775 837 1014 881 scribarum
1036 841 1272 883 temeritate
1304 841 1510 900 adscripta
1536 845 1642 898 sint;

157 914 246 956 imo
286 915 430 967 etiam,
461 926 604 958 utrum
625 914 674 956 iis
695 912 873 963 indiciis,
900 930 1005 971 quae
1033 914 1084 958 de
1111 915 1278 960 Nicolai
1311 916 1490 962 dialecto
1522 920 1639 963 colli-

157 1005 254 1046 gere
280 990 390 1042 licet,
420 989 576 1033 indicia
603 992 689 1047 jam
719 1006 843 1048 supra
877 989 930 1033 de
960 993 1047 1048 ejus
1068 993 1202 1049 patria
1229 1006 1269 1036 et
1297 1006 1490 1052 tempore
1519 997 1646 1041 relata

157 1066 485 1110 corroborentur
527 1082 580 1109 an
622 1066 911 1118 infirmentur,
957 1068 1278 1125 insequentibus
1309 1071 1526 1115 nonnullis
1557 1075 1645 1117 ani-

157 1141 520 1187 madversionibus
540 1158 617 1200 pro
638 1143 746 1187 virili
771 1157 886 1201 parte
908 1155 1053 1186 nostra
1080 1147 1318 1201 percontari
1340 1146 1458 1191 libet.

216 1219 436 1269 Quoniam
462 1219 629 1264 Nicolai
659 1235 820 1262 nomen
848 1220 893 1262 in
926 1221 1021 1278 ipso
1048 1234 1229 1278 quatuor
1255 1224 1494 1267 carminum
1528 1237 1643 1270 textu

155 1296 364 1338 insertum
403 1297 583 1340 occurrit
615 1295 795 1353 (scilicet
834 1297 875 1339 in
910 1296 1174 1340 carminibus
1207 1299 1241 1351 I,
1277 1299 1352 1352 IV,
1387 1300 1445 1352 X,
1474 1301 1574 1358 XI),
1609 1304 1642 1344 si

154 1371 285 1415 modo
314 1373 546 1430 respexeris
579 1371 735 1415 scribas
767 1373 943 1416 inertius
971 1373 1226 1431 plerumque
1255 1376 1374 1432 operi
1402 1376 1642 1421 incubuisse

154 1464 283 1506 quam
304 1462 348 1492 ut
370 1464 420 1491 ex
444 1447 618 1492 libidine
638 1464 785 1492 versus
815 1448 1057 1492 refecissent
1085 1463 1140 1502 et,
1170 1449 1220 1493 ad
1258 1452 1466 1508 majorem
1493 1467 1642 1510 poetae

154 1525 286 1568 nostri
308 1524 506 1582 gloriam,
536 1525 692 1568 Museti
717 1540 877 1568 nomen
901 1526 1079 1568 carmini
1107 1526 1392 1581 inclusissent‚
1415 1545 1517 1572 sane
1543 1546 1642 1574 con-

153 1600 274 1645 cedes
295 1602 399 1645 haec
424 1601 574 1645 saltem
596 1615 777 1659 quatuor
802 1615 1001 1659 poemata
1027 1618 1050 1644 a
1081 1602 1263 1647 Nicolao
1295 1619 1462 1648 exarata
1491 1605 1636 1650 fuisse.

211 1679 322 1722 Cum
357 1691 501 1721 autem
536 1690 672 1721 cetera
709 1690 806 1721 octo
841 1679 1031 1721 carmina
1066 1681 1227 1722 auctori
1264 1693 1411 1724 nostro
1454 1684 1641 1740 assigne-

152 1770 246 1798 mus
274 1754 509 1797 scribarum
534 1753 618 1797 fide
643 1755 716 1811 qui
746 1753 946 1797 codicum
975 1755 1160 1812 margini
1195 1757 1283 1812 ejus
1311 1772 1489 1812 nomen,
1519 1758 1640 1803 forsi-

151 1844 221 1874 tan
248 1843 424 1884 temere,
448 1832 769 1888 inscripserunt,
795 1831 1026 1888 ambigitur
1049 1846 1101 1874 an
1136 1847 1183 1875 ea
1209 1846 1407 1890 poemata
1437 1835 1640 1880 Nicolaus

151 1909 238 1964 jure
260 1907 339 1950 sibi
357 1906 570 1951 vindicare
592 1907 761 1964 possit1.

210 1985 334 2035 Quae
358 1999 456 2027 cum
485 1985 542 2027 ita
559 1984 659 2036 sint,
685 1983 1004 2041 quaestiuncula
1034 1983 1159 2027 nobis
1192 1986 1250 2028 sic
1284 1986 1544 2031 instituenda
1577 2001 1640 2032 est

151 2073 196 2104 ut
217 2074 499 2104 consonantes
520 2075 724 2103 versuum
755 2061 892 2103 exitus
908 2061 952 2102 in
973 2072 1157 2117 quatuor
1183 2061 1444 2107 carminibus
1466 2065 1635 2108 Museto

150 2138 238 2193 jure
285 2135 549 2194 fidenterque
591 2135 810 2194 adscriptis
849 2151 1015 2179 seorsus
1051 2136 1311 2194 glomeratos
1362 2139 1632 2185 conferamus

151 2228 249 2256 cum
267 2214 466 2256 consonis
493 2225 734 2256 ceterorum
757 2213 996 2256 carminum
1017 2212 1251 2257 vocabulis.

202 2359 230 2383 1.
261 2348 446 2389 Quaedam
463 2348 617 2382 carmina
637 2348 814 2382 codicibus
832 2347 981 2382 Nicolao
1000 2348 1194 2394 adjudicata
1220 2357 1302 2382 sunt
1335 2351 1502 2386 omnibus
1520 2363 1528 2393 ;
1555 2364 1638 2398 qua—

150 2413 229 2439 tuor
246 2405 324 2449 (111,
344 2405 405 2446 VI,
425 2405 503 2447 VII,
525 2404 624 2449 VIII)
640 2413 801 2450 poemata
816 2404 924 2438 codex
942 2404 1122 2438 bernensis
1140 2405 1180 2438 ΒΞ
1197 2405 1355 2450 signatus
1374 2406 1533 2449 Nicolao‚
1550 2409 1637 2453 pari-

149 2461 244 2494 sinus
266 2470 382 2494 autem
410 2460 495 2494 liber
518 2461 598 2494 Pb1²
619 2461 776 2506 signatus
792 2460 925 2494 incerto
945 2460 1078 2494 auctori
1105 2460 1311 2505 imputavit;
1340 2461 1481 2496 nullum
1511 2472 1629 2498 autem

149 2528 167 2550 e
184 2516 371 2551 duodecim
393 2516 604 2551 carminibus
621 2516 746 2550 diversi
765 2516 902 2549 codices
920 2516 1063 2549 diversis
1081 2516 1280 2550 auctoribus
1295 2517 1351 2561 (ut
1368 2528 1470 2563 saepe
1493 2520 1630 2565 accidit)

149 2572 311 2606 tribuere.
1515 2621 1529 2645 5
