1851 2949
145 314 392 359 castellanus
435 314 740 369 Atrebatensis,
789 331 1033 374 quanquam
1072 318 1150 361 toti
1200 333 1250 360 ex
1300 317 1633 362 Provincialibus

147 389 349 449 pendent,
393 390 569 434 fortasse
605 406 657 435 ne
698 393 965 449 suspicantur
997 393 1171 451 quidem
1203 393 1356 451 lyricos
1400 407 1546 452 poetas
1589 396 1634 438 in

147 468 368 511 Provincia
408 483 595 525 unquam
633 468 856 512 exstitisse.
894 470 954 512 Ex
991 470 1214 527 Aquitanis
1261 482 1455 525 manant,
1503 472 1635 529 Aqui-

149 556 266 587 tanos
308 543 514 597 furantur,
562 559 638 587 nec
679 543 804 588 ullius
837 561 1025 603 unquam
1073 547 1325 603 Aquitaniae
1370 559 1519 604 poetae
1539 563 1631 591 vet-

148 636 233 672 suS,
269 621 357 663 imo
381 635 541 663 nomen
566 620 758 678 plerique
785 620 996 665 audivere.
1020 622 1227 680 Discipuli
1253 635 1366 677 sunt,
1396 622 1470 667 sed
1502 624 1633 667 nescii

149 712 326 740 suorum
398 698 699 754 magistrorum
764 697 975 755 discipuli.
1045 700 1088 742 Si
1141 701 1402 744 Francorum
1463 700 1635 758 lyricam

156 775 318 830 poesim
346 774 516 816 minimi
546 773 663 826 facis,
692 787 840 832 utpote
876 776 1173 829 adventiciam,
1216 788 1256 819 et
1288 777 1385 834 quia
1421 776 1471 820 ab
1499 778 1638 834 Aqui-

152 851 264 893 tania
300 850 486 907 primurn
529 849 718 904 defluxit,
771 852 858 908 pari
913 853 1075 895 ratione
1122 851 1172 896 de
1220 853 1399 896 Arturio
1450 865 1491 897 et
1539 853 1639 897 Gal-

152 927 268 971 wino
293 938 490 984 poemata
511 928 833 984 praetermittes,
854 943 959 986 quae
988 945 1009 972 a
1036 930 1250 972 Britannia
1267 930 1478 987 originem
1511 929 1638 974 duxe-

151 1015 269 1057 1·unt;
299 1004 403 1060 quin
424 1005 567 1057 etiam,
588 1005 705 1061 epica
726 1016 869 1048 nostra
887 1004 938 1048 de
958 1005 1113 1062 Trojae
1133 1005 1296 1049 excidio
1309 1005 1373 1049 vel
1387 1005 1438 1049 de
1456 1005 1639 1049 Alexan-

151 1078 227 1123 dro
254 1080 409 1137 Magno
436 1093 632 1137 poemata
657 1080 867 1138 negliges,
890 1097 997 1139 quae
1025 1098 1074 1125 ex
1095 1081 1228 1124 aliena
1257 1083 1445 1139 regione,
1476 1082 1635 1126 scilicet

153 1171 204 1199 ex
231 1157 448 1212 Byzantio,
473 1157 635 1200 invecta
656 1169 770 1200 sunt.
799 1158 945 1208 Quem
974 1172 1113 1202 autern
1134 1159 1223 1216 pari
1251 1157 1382 1202 modo
1403 1170 1639 1203 nostratum

155 1245 376 1289 poetarum
426 1231 607 1276 fundum
651 1248 738 1277 non
791 1235 974 1291 diripies,
1030 1250 1119 1277 non
1176 1234 1457 1291 exspoliabis?
1515 1235 1639 1285 Quae

157 1310 310 1352 intacta
340 1321 381 1352 et
408 1308 634 1352 incolumis
667 1309 815 1353 evadet
841 1312 1009 1368 propria
1040 1309 1170 1353 medii
1204 1311 1294 1354 aevi
1332 1326 1509 1368 poeseos
1540 1326 1644 1369 pro-

157 1386 323 1430 vincia?
349 1387 417 1428 An
444 1385 579 1429 ullum
615 1399 746 1429 exstat
778 1385 970 1430 Pleiados
996 1399 1164 1430 nostrae
1190 1387 1394 1445 placitum
1430 1386 1546 1445 quod
1575 1386 1642 1450 vel

157 1461 267 1520 apud
290 1461 539 1515 Pindarum,
569 1461 637 1506 vel
657 1461 767 1519 apud
794 1463 1035 1517 Horatium,
1064 1463 1131 1507 vel
1159 1462 1268 1521 apud
1287 1465 1526 1507 Petrarcam
1553 1478 1641 1507 non

158 1540 365 1597 reperias?
390 1538 604 1582 Idcircone
628 1538 837 1583 Ronsardi
857 1540 1043 1582 carmina
1068 1553 1213 1597 utpote
1239 1557 1288 1583 ex
1309 1541 1469 1598 graecis
1496 1555 1642 1584 roma-

160 1617 310 1674 nisque
349 1615 465 1659 libris
502 1615 680 1673 expilata
712 1615 858 1659 leviter
891 1616 1083 1659 curabis?
1118 1641 1176 1647 —
1206 1617 1355 1660 Fateor
1391 1616 1589 1675 equidem
1629 1632 1639 1660 z

160 1693 240 1736 nisi
260 1691 503 1736 floruissent
529 1693 572 1734 in
586 1692 806 1735 Provincia
828 1704 992 1749 poetae,
1023 1708 1101 1736 nec
1121 1692 1278 1749 gallici,
1309 1709 1386 1736 nec
1413 1693 1642 1750 germanici

161 1767 305 1812 medio
332 1783 436 1811 aevo
468 1767 588 1825 lyrici
608 1769 740 1811 vitam
772 1770 972 1826 auspicati
1004 1768 1200 1812 fuissent.
1235 1771 1305 1822 At,
1342 1769 1431 1827 pari
1462 1770 1641 1821 ratione,

161 1845 224 1889 fac
237 1846 476 1888 Petrarcam
493 1860 581 1888 non
597 1845 802 1888 exstitisse
821 1858 830 1885 ε
849 1860 926 1888 nec
939 1844 1185 1889 Ioachimus
1200 1845 1380 1888 Bellaius
1399 1845 1641 1900 exstitisset,

161 1937 238 1965 nec
267 1920 530 1965 Ronsardus.
561 1922 820 1979 Quanquam
845 1920 1121 1965 Theobaldus
1149 1922 1408 1979 Campaniae
1436 1937 1580 1965 comes
1603 1938 1645 1967 et

162 1997 403 2041 Gualterius
425 2013 499 2040 von
524 1998 589 2041 der
613 1998 649 2041 V
647 1998 844 2055 ogd-weida
860 1999 905 2041 in
931 1997 1059 2041 verba
1077 1997 1278 2041 Bernardi
1299 1998 1342 2040 de
1360 1999 1399 2041 V
1395 1998 1583 2041 entadour
1605 2012 1646 2043 et

162 2073 383 2118 Bertrandi
425 2074 467 2117 de
504 2075 628 2127 Born,
669 2086 715 2118 ut
750 2073 978 2132 discipulos
1025 2073 1158 2126 decet,
1199 2075 1402 2131 juravere,
1449 2075 1644 2132 germani

163 2162 306 2193 tamen
348 2150 555 2203 hominis,
608 2166 696 2194 non
744 2150 1013 2208 provincialis
1058 2150 1316 2204 Gualterius,
1362 2150 1516 2208 gallici,
1557 2165 1646 2194 non

165 2225 434 2282 provincialis
462 2226 650 2269 hominis
670 2225 835 2270 vultum
857 2225 980 2269 refert
1000 2225 1290 2269 Theobaldus.

222 2302 348 2358 Ergo,
377 2304 463 2359 jure
491 2315 532 2346 et
555 2303 743 2360 legitime
770 2302 866 2346 licet
883 2302 1071 2346 themata
1097 2317 1204 2360 quae
1222 2301 1334 2360 apud
1352 2302 1524 2360 gallicos
1544 2318 1646 2360 poe-

164 2390 224 2421 tas
251 2380 521 2436 reperiuntur
547 2394 816 2436 expromere,
849 2378 1022 2436 perinde
1058 2394 1104 2422 ac
1137 2379 1172 2421 si
1205 2394 1255 2422 ex
1287 2378 1445 2436 gallico
1480 2380 1646 2422 semine

161 2455 204 2496 in
262 2454 409 2511 gallica
450 2468 557 2498 terra
606 2456 929 2512 germinassent.
985 2455 1109 2505 Quae
1156 2454 1343 2498 themata
1386 2470 1475 2498 non
1520 2467 1639 2511 potes

164 2543 258 2573 ante
292 2532 437 2573 omnia
483 2547 570 2574 nou
604 2532 811 2585 contueri,
862 2532 950 2574 sive
996 2530 1226 2576 Nicolaum
1261 2531 1494 2585 Musetum,
1552 2531 1640 2575 sive

167 2607 359 2664 quemvis
406 2607 535 2650 aliurn
573 2607 763 2664 ejusdem
809 2608 955 2651 aetatis
1001 2619 1172 2665 poetam
1220 2606 1532 2653 aestimandum
1573 2605 1646 2652 tibi

169 2684 451 2740 proposueris.
