1810 2903
125 299 279 351 riosas3
318 310 381 341 tot
416 312 679 355 paganorum
716 295 810 340 dico
856 295 978 347 filias,
1022 293 1296 351 Maugaliam,
1339 289 1606 343 Anselinam,

124 374 364 426 Galienam,
398 374 618 430 repentino
654 371 829 429 feroque
862 370 1190 414 christianorum
1231 368 1419 412 militum
1463 382 1607 410 amore

123 450 444 507 depereuntes1.
482 450 585 492 Ecce
625 460 767 490 autem
801 446 957 500 subito,
1000 447 1086 503 jam
1124 457 1304 489 exeunte
1350 442 1606 486 duodecimo

123 525 305 579 saeculo,
333 525 482 568 leniter
505 526 646 582 spirat,
678 540 700 568 a
726 525 947 567 Provincia
979 535 1087 576 orta,
1118 538 1216 565 aura
1243 520 1449 573 amabilis,
1486 519 1607 564 urba-

123 603 264 648 nitatis
295 600 565 644 increbrescit
589 599 695 643 odor
719 617 727 644 :
757 616 841 657 quo
868 601 1014 657 spiritu
1041 599 1232 641 instincti
1259 599 1441 654 majores
1473 596 1607 639 nostri

125 695 145 717 «
175 692 353 735 posuere
380 676 535 720 ferocia
562 675 690 720 corda
725 692 774 729 »3
804 678 887 731 jam
915 675 962 718 fit
993 675 1156 718 unctior
1190 672 1397 731 quaedam
1437 670 1606 715 dicendi

122 751 414 810 sentiendique
441 752 731 805 consuetud03
761 752 958 795 comitate
981 750 1132 804 limati,
1163 748 1431 794 mollitudine
1458 748 1608 792 huma-

121 830 261 873 nitatis
309 828 455 881 afflati,
505 828 671 871 urbanis
721 827 940 871 munditiis
985 843 1075 870 sese
1120 838 1329 878 exercent,
1380 826 1607 869 mitescunt

120 906 330 948 immanes
370 904 428 947 illi
469 905 799 948 Sarracenorum
838 903 1141 956 debellatore33
1184 918 1261 945 nec
1307 901 1384 945 soli
1421 901 1528 944 fiunt
1563 902 1606 943 in

119 980 300 1024 dicendo
326 981 500 1037 compti,
528 979 663 1032 nitidi,
694 980 910 1032 concinni,
940 980 1166 1036 optimates
1197 990 1237 1021 et
1268 978 1477 1035 principes
1505 977 1608 1019 civi-

119 1069 272 1110 tatum,
295 1055 367 1100 sed
392 1058 471 1114 ipsi
497 1058 538 1100 in
566 1055 778 1100 Picardiae
806 1068 847 1098 et
872 1056 1128 1113 Campaniae
1155 1053 1327 1098 urbibus
1352 1067 1606 1097 mercatores

119 1145 161 1177 et
187 1132 404 1190 propolae.

177 1210 271 1252 Imo
304 1220 464 1262 autem,
494 1210 636 1266 ecquis
663 1224 749 1251 non
777 1208 976 1265 percipiat
1003 1223 1130 1265 quam
1157 1221 1413 1264 generosum
1440 1203 1606 1262 pulchri

119 1283 334 1342 exemplar
361 1284 438 1327 sibi
462 1283 715 1328 imitandum
743 1296 949 1326 nostrates
975 1283 1093 1340 lyrici
1120 1282 1448 1339 proposuerint?
1471 1305 1524 1311 ——-
1549 1282 1607 1324 At

122 1360 251 1413 enirn,
281 1361 439 1417 inquis,
469 1359 665 1404 fucosum
692 1373 1053 1417 personatumque
1082 1358 1249 1416 pulchri
1276 1356 1488 1415 exemplar
1517 1369 1558 1400 et
1583 1372 1606 1399 a

117 1437 292 1480 veritate
330 1449 558 1479 remotum.
603 1461 661 1467 —
696 1437 856 1479 Verum
894 1448 984 1478 esto
1024 1452 1032 1478 :
1080 1451 1183 1477 num
1217 1450 1406 1491 unquam
1444 1434 1487 1476 in
1520 1432 1606 1476 ulla

118 1513 292 1568 regione
315 1511 433 1568 lyrici
455 1513 702 1555 exstiterunt
723 1524 887 1570 poetae,
912 1512 1085 1569 ingenui
1102 1524 1141 1554 et
1162 1509 1346 1563 candidi,
1371 1509 1476 1553 adeo
1497 1511 1600 1552 sim-

117 1587 236 1644 plicis
260 1589 448 1631 veritatis
469 1589 610 1641 amici,
638 1600 683 1632 ut
703 1588 828 1631 nullis
848 1588 1068 1631 conventis
1089 1587 1276 1630 starent?
1300 1585 1417 1637 Quid
1435 1587 1451 1629 ?
1474 1586 1517 1629 Si
1539 1585 1604 1629 vel

116 1665 280 1707 rusticis
320 1664 588 1708 cantionibus
622 1680 726 1721 quae
766 1681 786 1704 «
827 1679 901 1721 per
935 1679 1009 1707 ora
1043 1664 1181 1707 virum
1223 1679 1242 1702 »
1282 1662 1475 1716 volitant,
1516 1678 1604 1705 non

116 1755 255 1783 merus
293 1742 403 1783 inest
443 1741 629 1784 veritatis
665 1741 797 1793 color,
837 1740 909 1784 sed
946 1739 1203 1783 artificialis?
1243 1740 1388 1782 Primo
1430 1738 1602 1796 quidem

117 1814 316 1872 adspectu
348 1815 492 1859 credas
526 1816 686 1874 plebeia
717 1818 795 1859 ista
830 1817 1031 1869 carmina,
1064 1816 1294 1873 agrestium
1321 1814 1603 1859 flosculorum

116 1893 261 1946 instar,
286 1909 360 1936 sua
382 1905 533 1950 sponte
558 1895 642 1937 ruri
664 1894 985 1950 germinavisse‚
1010 1909 1083 1936 sua
1103 1905 1254 1950 sponte
1279 1893 1500 1935 increvisse
1522 1909 1530 1935 :
1556 1907 1603 1934 ea

116 1970 230 2012 enim
248 1982 308 2012 est
330 1970 634 2013 sententiarum
656 1970 849 2026 planitas,
874 1970 908 2012 is
929 1984 1133 2013 sensuum
1154 1967 1313 2012 candor
1332 1980 1378 2012 ut
1396 1984 1482 2011 non
1504 1970 1602 2011 artis

116 2060 206 2087 esse
240 2043 478 2097 videantur,
517 2044 590 2088 sed
617 2059 805 2089 naturae.
847 2047 990 2102 Atqui,
1023 2045 1228 2102 quoniam
1258 2044 1301 2087 in
1335 2044 1399 2086 his
1431 2058 1602 2101 quoque

115 2120 390 2164 cantiunculis
415 2121 581 2165 nullum
602 2135 902 2179 argumentum
924 2121 1102 2178 reperire
1123 2132 1185 2163 est
1226 2119 1341 2178 quod
1371 2120 1445 2163 uni
1469 2131 1602 2162 terrae

117 2196 271 2253 angulo
294 2197 531 2249 adhaereat,
553 2199 640 2240 imo
661 2196 775 2255 quod
797 2199 870 2241 uni
892 2197 1054 2241 Galliae
1075 2198 1332 2253 provinciae,
1357 2198 1445 2239 imo
1476 2198 1601 2240 etiam

116 2272 231 2329 quod
261 2274 333 2315 uni
366 2274 558 2330 Europae
593 2274 757 2331 regioni
787 2274 839 2316 sit
872 2273 1115 2330 religatum,
1154 2288 1250 2315 cum
1285 2284 1426 2315 autem
1466 2288 1601 2316 unum

167 2418 196 2442 1.
225 2408 320 2442 Inter
335 2416 387 2443 tot
401 2408 526 2443 similia
545 2410 684 2444 heroica
704 2418 879 2455 poemata,
899 2420 938 2443 ea
952 2409 1108 2443 conferre
1126 2408 1240 2443 licebit
1262 2409 1389 2454 quibus
1408 2409 1599 2443 inscribun-

115 2471 171 2497 tur
189 2475 196 2496 :
214 2463 265 2497 La
282 2464 374 2498 Prisc
389 2464 561 2509 &Or-enge,
579 2465 763 2507 Fieralnas,
787 2466 817 2498 la
835 2465 1043 2499 Destrzaectioaez
1057 2465 1093 2498 de
1106 2465 1214 2505 Rome,
1231 2465 1302 2497 Elia
1315 2465 1352 2497 de
1368 2464 1463 2497 Sm'nt
1482 2464 1598 2506 Gilles,

114 2518 155 2551 les
186 2519 347 2564 Enfances
379 2519 490 2565 Ogier,
523 2521 562 2554 les
593 2521 756 2561 Enfances
787 2521 987 2562 Guillaume,
1019 2521 1157 2561 Mainet,
1189 2520 1359 2562 FIoovant,
1390 2520 1597 2565 Aspremont,

116 2573 245 2608 Ernaut
266 2575 303 2608 de
322 2575 515 2618 Beaulande,
541 2577 655 2612 Renier
674 2576 710 2610 de
730 2576 845 2619 Ge'nes,
873 2576 920 2610 La
945 2576 1035 2609 Prisc
1059 2577 1096 2609 de
1123 2575 1307 2617 Bar—basta,
1336 2575 1439 2609 Huon
1464 2575 1500 2609 de
1519 2576 1600 2609 Bor-

114 2628 230 2671 deaux,
252 2638 347 2665 etc...
