1851 2949
583 479 851 532 CAPUT
923 479 1299 532 TERTIUM

188 696 323 746 QUEM
359 707 508 737 LOCUM
541 694 764 737 Nrcomus
797 705 922 734 INTER
956 705 1077 734 MEDH
1103 705 1199 734 AEVI
1227 703 1403 735 ercos
1426 705 1642 734 TENUEmT
1667 704 1675 731 t

244 785 434 814 EPITOME
471 783 739 813 COMMUNJUM
776 781 966 811 OMNIBUS
1006 781 1102 823 EJUS
1140 781 1317 811 AETATrs
1349 781 1509 811 LYRIC1s
1544 781 1678 811 ARGU-

248 860 507 891 MENTORUM.

917 978 949 1019 I.

249 1109 375 1152 Hunc
395 1118 625 1152 venustum
650 1119 820 1164 poetam
847 1107 1072 1151 aestimare
1100 1119 1141 1151 et
1165 1119 1388 1151 momento
1412 1122 1490 1150 suo
1516 1106 1682 1165 ponde-

190 1201 280 1230 rare
299 1184 415 1228 libet.

250 1263 309 1306 Ut
325 1276 450 1319 supra
462 1259 660 1312 diximus,
677 1262 710 1305 si
723 1261 905 1318 cujusvis
919 1272 1139 1317 poetarum
1157 1259 1327 1304 scholae
1343 1273 1514 1319 poetam
1529 1277 1681 1320 quern-

189 1340 252 1383 vis
278 1353 375 1383 vera
396 1339 690 1382 aestimatione
716 1336 975 1395 perpendere
1000 1338 1180 1390 conaris,
1213 1350 1380 1395 oportet
1400 1350 1446 1382 ut
1469 1338 1680 1396 imprimis

191 1416 433 1460 communia
459 1416 587 1458 totius
608 1414 776 1458 scholae
797 1427 1047 1471 argumenta
1074 1429 1318 1471 percenseas
1345 1427 1469 1473 atque
1496 1414 1680 1460 indicem

191 1492 488 1537 communium
524 1490 722 1534 omnibus
755 1491 1059 1535 sententiarum
1094 1490 1405 1549 affectuumque
1429 1492 1678 1549 perscribas.

191 1570 255 1614 Sic
304 1568 538 1627 praecipuis
579 1566 791 1611 coloribus
839 1566 1037 1611 tabellam
1085 1568 1242 1624 pictam
1283 1567 1463 1621 inficies,
1511 1569 1556 1611 in
1601 1585 1684 1627 qua

191 1645 378 1690 diversos
400 1643 568 1688 scholae
594 1643 759 1687 sodales
787 1643 988 1701 depinges
1009 1660 1016 1686 :
1042 1644 1300 1701 quicumque
1327 1657 1453 1701 poeta
1475 1645 1681 1702 singulari

192 1736 232 1768 et
268 1723 393 1766 insita
434 1722 588 1765 virtute
623 1722 791 1773 enituit,
839 1721 1009 1778 proprio
1053 1719 1278 1778 splendore
1323 1723 1591 1779 conspiCUUS,
1636 1724 1680 1766 in

193 1798 344 1844 tabella
385 1815 406 1841 a
442 1797 580 1841 fronte
625 1797 828 1848 emicans,
863 1808 1023 1840 exstare
1060 1809 1185 1855 atque
1225 1798 1415 1841 eminere
1451 1797 1678 1854 videbitur,

194 1888 368 1934 ectypae
395 1876 591 1931 imaginis
614 1876 764 1929 instar3
795 1875 1131 1932 uniuscujusque
1166 1886 1308 1918 autem
1336 1874 1565 1919 mediocris
1590 1892 1683 1920 ver-

194 1952 413 1997 sificatoris
434 1950 611 2009 effigies,
642 1950 769 1995 nullis
797 1951 879 1994 nisi
907 1951 1143 2008 praecipuis
1163 1962 1205 1995 et
1225 1951 1528 1996 communibus
1554 1954 1683 1997 totius

195 2031 379 2089 picturae
406 2027 616 2072 coloribus
644 2027 854 2082 distincta,
883 2027 1038 2085 pallida
1072 2040 1112 2071 et
1141 2027 1335 2082 obscura,
1366 2030 1483 2086 quasi
1507 2029 1684 2086 caligine

195 2107 413 2159 obvoluta,
443 2107 487 2148 in
513 2104 779 2149 abscedentia
807 2103 1060 2148 retrocedet.

256 2182 382 2228 Haud
395 2181 692 2226 difficillimum
704 2183 782 2226 erit
794 2194 928 2225 totam
941 2193 1178 2226 nostratum
1193 2181 1430 2239 lyricorum
1449 2181 1684 2226 doctrinam

197 2275 503 2318 recognoscere
538 2271 579 2303 et
611 2260 731 2317 quasi
768 2258 1020 2316 dogmatum
1048 2274 1200 2316 corpus
1231 2258 1484 2313 describere,
1518 2258 1569 2302 de
1600 2275 1685 2318 quo

199 2350 325 2396 poeta
352 2337 529 2394 quisque
557 2334 713 2379 diceret
742 2347 750 2374 :
781 2336 826 2379 in
853 2351 905 2378 eo
932 2336 1133 2389 vivimus,
1167 2350 1408 2388 movemur,
1435 2351 1600 2379 sumus.
1632 2360 1684 2367 —-

200 2415 304 2458 Eam
330 2411 568 2456 doctrinam
595 2411 645 2454 ab
678 2410 947 2455 Australibus
976 2410 1028 2455 ad
1059 2410 1406 2469 septentrionales
1442 2412 1689 2468 migravisse

201 2490 300 2535 satis
332 2500 497 2533 constat
526 2505 534 2532 :
568 2487 642 2531 sed
676 2489 829 2546 pariter
863 2500 1028 2532 constat
1056 2489 1223 2545 poesim
1252 2487 1367 2531 illam
1395 2500 1482 2531 tam
1508 2486 1693 2546 perfecte

201 2565 542 2623 septentrionalis
565 2564 663 2608 coeli
689 2576 862 2608 naturae
889 2564 1129 2608 adsuevisse
1157 2576 1202 2608 ut
1222 2580 1310 2608 non
1338 2563 1590 2621 alienigena,
1620 2563 1694 2607 sed

205 2642 440 2687 domestica
479 2642 675 2686 evaserit.
724 2640 875 2692 Quid?
914 2656 1013 2684 curn
1046 2640 1259 2685 Iohannes
1298 2641 1426 2684 Bretel
1467 2640 1533 2684 vel
1563 2641 1692 2698 Hugo
