1810 2903
168 284 235 315 cat
247 288 258 325 3
279 286 331 314 ne
351 270 531 314 atrocius
551 285 624 312 eos
644 282 775 327 regat,
799 282 844 312 ut
863 285 991 327 eques
1012 268 1163 312 habilis
1180 269 1251 326 qui
1268 267 1466 311 rebellem
1487 278 1648 325 equum

169 346 391 391 domitavit
418 358 460 389 et
499 346 716 389 victoriam
754 344 977 388 creduliter
1015 353 1231 397 exercet13
1269 368 1321 375 —
1358 358 1471 387 nunc
1506 355 1649 386 autem

168 424 344 466 crimina
365 424 516 480 quibus
545 433 744 478 petuntur
770 420 980 474 refellunt,
1008 436 1028 460 «
1057 418 1343 464 laudatoribus
1369 435 1389 458 »
1418 418 1529 462 diras
1555 433 1652 476 pre-

169 512 339 553 cantur,
378 523 436 529 —
474 513 587 541 nunc
620 496 734 540 diem
775 509 1042 540 exsecrantur
1077 511 1161 554 qua
1202 497 1389 553 primum
1431 493 1650 538 dominam

167 574 410 632 adspexere,
440 589 555 617 nunc
581 574 804 630 repentina
822 571 1037 630 palinodia
1064 571 1258 615 eamdem
1287 570 1498 614 celebrant
1516 569 1646 623 diem,

168 666 250 708 qua
286 649 502 708 pulchrior
535 649 640 693 luxit
676 648 820 702 nulla3
859 674 912 679 —
951 647 1209 705 supplicibus
1249 646 1386 690 verbis
1427 645 1647 690 dominam

168 727 389 770 obsecrant
410 739 455 769 ut
481 724 718 783 superbiam
740 740 858 768 suam
879 723 1140 768 contundere
1160 722 1371 781 dignetur,
1397 734 1452 775 et,
1477 737 1648 766 servum

168 817 253 844 non
282 800 449 858 longius
472 813 704 857 aspernata,
729 800 885 842 misero
904 798 1124 842 stimulum
1144 796 1372 857 quemdam
1398 798 1575 840 incutiat
1594 797 1646 839 ad

168 876 420 935 supplicium
448 875 635 919 alacriter
654 874 969 919 sustinendum.

226 954 335 1006 Imo,
365 954 406 995 in
428 954 517 1009 ejus
545 953 634 995 aevi
661 951 934 1005 carminibus,
964 950 1046 994 hoc
1073 948 1474 1008 reprehendendum
1503 966 1511 992 :
1539 961 1651 992 stant

167 1029 278 1083 loco,
318 1029 489 1072 immoti
529 1040 570 1071 et
607 1027 908 1080 immutabiles,
955 1043 1100 1070 amans
1139 1039 1179 1070 et
1223 1039 1358 1070 amata
1371 1043 1382 1079 3
1424 1026 1646 1083 praecipue

169 1118 326 1159 autem,
348 1104 537 1148 domina.
561 1102 718 1147 Credas
734 1102 962 1161 superbum
986 1104 1216 1146 taciturnae
1232 1101 1334 1146 deae
1355 1102 1645 1154 simulacrum,

170 1183 252 1233 cui,
288 1181 414 1224 inerti
446 1193 487 1223 et
518 1181 673 1232 otioso,
710 1192 803 1223 tura
836 1178 1028 1222 dicantur
1060 1194 1305 1236 precesque.
1340 1179 1530 1231 Movere,
1570 1192 1648 1220 nec

170 1259 334 1301 moveri
375 1255 555 1309 videtur,
594 1271 787 1299 amorem
826 1257 926 1312 pati,
975 1270 1050 1298 nec
1088 1253 1320 1298 redamare.
1362 1253 1486 1297 Haud
1532 1253 1650 1297 aliter

170 1349 336 1391 pugnae
356 1332 510 1376 arbiter
532 1347 703 1375 arenam
722 1331 860 1375 lentus
880 1343 1054 1389 spectat,
1079 1332 1320 1374 certaminis
1340 1333 1450 1374 vices
1469 1346 1650 1388 perpen-

170 1409 256 1463 det,
286 1408 380 1452 data
406 1421 658 1466 acceptaque
685 1407 856 1451 vulnera
883 1408 1090 1461 aestimat,
1121 1407 1241 1451 vultu
1269 1408 1446 1464 rigente,
1470 1418 1517 1450 ut
1543 1405 1651 1462 judi-

171 1502 263 1528 cem
290 1484 424 1539 decet,
454 1499 495 1527 et
520 1485 665 1527 animo
692 1484 891 1527 immoto.
924 1509 978 1513 —
1003 1485 1060 1526 At
1084 1495 1242 1536 tamen,
1273 1495 1317 1526 tu
1344 1484 1434 1539 ipsa
1452 1483 1649 1526 victoriae

171 1562 346 1619 pignus!
377 1562 441 1604 De
467 1573 506 1604 te
536 1575 601 1603 res
629 1561 787 1618 agitur!
821 1585 873 1590 —
903 1560 992 1603 Stat
1019 1559 1182 1617 procul,
1207 1572 1385 1613 remota,
1418 1559 1647 1612 incuriosa,

171 1653 331 1681 serena.

230 1714 376 1756 Tertio
398 1725 556 1765 autem,
582 1713 671 1755 istis
697 1712 955 1769 argumentis
976 1710 1133 1769 aliquid
1156 1710 1304 1755 insulsi
1325 1712 1433 1756 inest
1443 1711 1646 1770 fatuique,

171 1788 287 1848 quod
306 1789 518 1845 legentem
536 1787 706 1830 fastidio
730 1787 873 1831 afficit.

230 1866 438 1909 Densiore
461 1864 576 1907 enirn
604 1865 770 1921 agmine
798 1864 1044 1907 catervatim
1071 1861 1313 1917 decurrunt,
1342 1864 1387 1906 in
1412 1862 1650 1921 longiorem

173 1945 334 1996 θεωρίαν
358 1939 616 1997 explicantur
636 1952 699 1982 tot
717 1940 875 1996 aegroti
898 1940 1173 1996 aegrotationi
1193 1937 1371 1982 libenter
1386 1938 1646 1992 incubantes,

174 2028 237 2059 tot
257 2016 383 2059 saucii
403 2016 474 2073 qui
491 2014 706 2057 infirmam
727 2014 864 2058 adhuc
886 2015 1121 2058 cicatricem
1141 2027 1290 2071 sponte
1311 2028 1530 2072 rumpunt,
1557 2031 1577 2054 «
1601 2014 1651 2058 ab

172 2094 333 2135 Amore
360 2091 566 2148 decepti²‚
599 2107 619 2130 »
652 2106 672 2130 «
701 2103 821 2147 grato
848 2089 962 2134 ducti
983 2098 1168 2134 errore3.
1201 2107 1221 2130 »
1247 2090 1408 2134 Tristes
1430 2089 1648 2144 incedunt,

173 2179 416 2219 trementes,
445 2166 661 2222 singultim
684 2165 977 2219 balbutientes,
1007 2178 1205 2223 tanquam
1231 2167 1555 2210 incantamentis
1573 2166 1652 2209 fas—

173 2243 341 2286 cinati4.
368 2241 665 2286 Obstinantius
691 2242 941 2284 miserantur
968 2253 1008 2285 et
1034 2240 1274 2298 praedicant
1309 2242 1496 2285 vicissim
1525 2257 1650 2285 suum

224 2364 253 2386 1.
282 2351 370 2386 Vide
386 2351 525 2397 elegans
545 2361 697 2394 carmen,
719 2351 762 2385 ab
779 2351 912 2385 incerto
930 2359 1072 2386 auctore
1092 2352 1273 2397 scripturn,
1291 2351 1386 2397 quod
1403 2351 1446 2387 G.
1466 2351 1562 2386 Paris
1581 2351 1652 2386 edi-

172 2409 221 2442 dit
255 2408 443 2451 (Romania,
465 2407 543 2448 VH,
566 2407 641 2452 95).

221 2473 253 2497 2.
285 2475 302 2494 «
323 2462 504 2496 Mesche‘ans
520 2461 682 2495 d'amours
700 2475 717 2493 »
737 2461 1011 2505 (Ghislebertus,
1032 2461 1168 2503 ScheIer,
1187 2470 1228 2495 n0
1250 2462 1320 2506 ιο).

224 2529 253 2563 3.
304 2530 320 2549 ι(
341 2518 536 2551 Doucement
552 2518 713 2562 engignie's
735 2531 752 2549 »
775 2517 1110 2563 (Bartsch-Horning,
1129 2517 1195 2551 col.
1219 2518 1315 2562 313).

220 2584 254 2615 4.
284 2573 413 2615 Adam,
433 2573 495 2606 XI.
521 2572 564 2605 Et
586 2572 618 2605 la
637 2572 765 2618 langue
786 2573 886 2607 m'est
903 2573 985 2615 loi‘e,

519 2627 621 2661 Ainsi
636 2638 703 2672 que
720 2638 755 2661 sa
774 2627 878 2663 faerie

519 2683 577 2716 Me
594 2683 706 2717 venist
718 2691 858 2718 entour.
