1810 2903
106 230 272 273 occasio
310 228 404 272 data
435 241 511 280 est,
551 243 640 270 sese
671 225 872 269 indicavit
908 227 979 283 qui
1018 243 1037 265 «
1076 224 1207 267 fidem
1240 225 1333 267 Deo
1369 222 1508 267 datam
1550 241 1613 276 »f

107 317 153 348 ut
173 303 395 361 objiciebat
421 305 550 360 Hugo
570 303 620 347 de
643 305 823 356 Ociaco,
853 320 872 343 «
901 302 1046 346 fallere
1069 319 1089 340 n
1115 317 1200 345 non
1226 300 1365 355 vellet,
1391 316 1527 359 neque
1548 301 1592 343 in

107 380 279 425 heredio
315 396 392 424 suo
431 398 451 420 «
489 382 665 438 turpiter
700 392 879 423 aetatem
915 379 1067 437 degere
1107 395 1148 432 n,
1188 393 1326 437 neque
1365 394 1384 417 «
1424 393 1593 422 crucem

108 473 246 510 suam,
282 456 392 507 bello
424 473 542 501 sacro
575 456 843 509 destinatam,
874 458 1077 499 intactam
1107 453 1336 499 recondere
1372 470 1411 506 »‚
1446 469 1595 497 verum

110 553 130 575 «
169 549 246 592 pro
283 535 378 578 Deo
412 533 601 577 alacriter
633 535 768 577 mori1
807 550 825 572 >³
869 533 1134 576 instituisset.
1169 532 1348 584 Revera,
1387 530 1513 574 simul
1550 547 1598 575 ac

108 627 251 655 comes
275 610 503 655 Balduinus
531 610 687 654 milites
710 611 761 654 ad
790 610 947 655 bellum
973 610 1243 667 conscripsit,
1272 609 1405 652 crucis
1427 610 1596 665 signum

108 688 232 732 Cono
251 689 412 746 pectori
430 704 509 732 suo
526 687 661 732 infixit
680 704 719 730 a.
738 687 779 731 d.
802 687 902 732 VIII
919 686 1014 730 Kal.
1035 699 1178 739 mart„
1204 701 1316 729 anno
1338 685 1478 729 MCC.
1502 686 1596 740 Jam

109 777 199 808 tum
220 780 379 808 nomen
406 766 508 822 erS,
533 765 577 808 in
596 763 797 808 Gaufredi
817 763 868 807 de
895 762 1206 807 Villahardu'ini
1227 762 1345 806 libris
1366 761 1594 815 chronicis,

108 856 413 900 saepenumero
446 840 568 884 nobis
595 841 795 885 occurrit.

165 917 334 963 Scilicet
361 917 615 969 Gaufredus,
642 918 721 961 etsi
748 918 793 960 in
814 916 1010 961 laudibus
1032 932 1197 975 parcus,
1222 916 1415 960 Cononis
1441 931 1596 959 nomen

106 996 351 1039 inornatum
379 1010 599 1052 nunquam
626 1006 956 1048 commemorat,
986 1009 1153 1051 semper
1179 1005 1321 1037 autem
1355 994 1393 1036 ei
1427 991 1598 1037 laudem

106 1071 350 1130 quamdam,
375 1073 555 1115 Homeri
575 1086 708 1123 more,
727 1071 905 1128 apponit
922 1087 930 1114 :
950 1086 1064 1114 nunc
1082 1071 1206 1114 Cono
1224 1088 1244 1109 «
1263 1069 1398 1114 bonus
1413 1069 1535 1114 miles
1554 1086 1594 1123 n,

106 1165 220 1194 nunc
251 1166 270 1189 «
306 1149 468 1207 sapiens
498 1165 518 1188 »
549 1160 619 1193 aut
649 1166 669 1188 «
699 1147 1105 1206 eloquentissimus²
1137 1163 1157 1187 >›
1187 1159 1474 1204 nuncupatur.
1504 1147 1599 1190 Fuit

107 1227 239 1279 enim,
269 1239 315 1270 ut
341 1227 386 1270 in
412 1225 599 1270 consiliis
625 1227 683 1269 sic
709 1226 753 1268 in
780 1224 907 1278 bello,
940 1223 1205 1283 praeclarus3
1235 1223 1328 1277 fuit,
1358 1237 1402 1268 ut
1430 1223 1599 1267 alterius

108 1302 328 1360 cujusdam
363 1303 577 1360 scriptoris
610 1302 736 1347 verba
770 1317 986 1360 usurpem,
1028 1319 1047 1341 «
1082 1302 1146 1345 vir
1182 1301 1299 1345 domi
1339 1301 1598 1359 militiaeque

108 1380 263 1424 nobilis
290 1393 330 1425 et
357 1379 562 1424 facundus
587 1381 630 1423 in
658 1381 847 1438 paucis³.
879 1395 899 1419 >>

165 1457 213 1499 In
241 1456 351 1500 bello
377 1457 509 1509 enim,
540 1457 813 1514 gravissimos
839 1455 1020 1508 labores,
1052 1470 1159 1514 quos
1187 1466 1228 1498 et
1255 1453 1595 1508 commilitones,

105 1550 126 1577 a
146 1536 247 1578 Zara
274 1550 405 1593 usque
427 1532 477 1577 ad
495 1532 827 1590 Andrinopolim
854 1545 1021 1576 strenue
1045 1547 1272 1589 perpessus
1291 1544 1368 1586 est,
1398 1532 1485 1575 sive
1504 1543 1600 1589 post

107 1623 272 1669 captam
312 1609 731 1669 Constantinopolim
771 1609 883 1653 urbis
919 1608 1087 1653 castella
1122 1608 1335 1653 custodire
1370 1609 1507 1665 jussus
1538 1621 1599 1652 est

108 1688 153 1746 (§
174 1687 308 1746 268);
331 1689 418 1732 sive
441 1704 462 1731 e
482 1687 713 1731 christiano
735 1687 920 1731 exercitu
943 1701 1095 1744 agmen
1116 1701 1252 1730 unum
1273 1685 1596 1742 Didymoticam

110 1765 227 1809 duxit
259 1764 304 1823 (ξ
331 1764 439 1823 377)
457 1782 467 1818 ;
498 1765 586 1808 sive
612 1763 954 1807 commilitonem
988 1763 1221 1807 Renerium
1248 1762 1496 1821 opitulatuS‚
1526 1764 1597 1820 qui

159 1898 189 1922 1.
218 1887 314 1921 Haec
331 1894 413 1921 sunt
430 1886 617 1932 opprobria
637 1885 680 1920 ab
701 1885 857 1931 Hugone
874 1884 917 1919 de
937 1884 1069 1919 Ociaco
1086 1884 1123 1919 in
1144 1883 1334 1919 Cononem
1353 1884 1489 1929 objecta
1513 1895 1519 1917 ε

464 1941 517 1976 Or
538 1953 676 1976 menrez
697 1952 760 1976 vos
779 1941 956 1976 honteuse
976 1941 1030 1975 vie
1047 1941 1099 1983 ci;

462 1998 518 2033 Ne
534 1997 695 2033 volsistes
713 2009 776 2044 por
796 1997 874 2032 Deu
897 1998 1005 2032 morir
1021 1998 1180 2044 joianz...

461 2054 552 2090 Molt
568 2054 604 2088 fu
622 2054 768 2095 Quenes
785 2065 868 2101 proz
883 2062 990 2101 quant
1010 2053 1033 2088 il
1050 2053 1124 2088 s’en
1143 2053 1241 2089 ala...

463 2111 517 2146 Or
534 2119 586 2145 est
605 2122 717 2145 venus
736 2120 801 2146 son
821 2109 869 2145 liu
888 2110 1134 2145 reconchier...

463 2167 548 2202 Bien
569 2174 654 2213 puet
674 2177 711 2201 sa
730 2167 821 2201 crois
838 2166 962 2214 garder
980 2175 1014 2201 et
1032 2166 1170 2208 estoier‚

464 2223 646 2265 Qu'encor
666 2223 709 2258 l’a
726 2223 749 2258 il
767 2222 833 2258 tele
851 2222 934 2270 qu'il
955 2222 1023 2257 l'en
1042 2230 1153 2269 porta.

987 2279 1122 2325 (Brak.,
1142 2278 1280 2320 Chans„
1301 2290 1334 2324 p.
1359 2278 1434 2322 56.)

156 2357 187 2381 2.
218 2345 358 2380 Coenes
383 2345 425 2380 de
450 2345 610 2380 Bethune
633 2345 692 2392 qui
714 2344 804 2379 bons
827 2344 1018 2379 chevaliers
1042 2353 1076 2379 et
1099 2355 1198 2390 sages
1225 2343 1328 2378 estoit
1354 2351 1388 2378 et
1415 2343 1495 2378 bien
1521 2342 1598 2377 elo-

107 2413 262 2448 quens...
284 2402 318 2448 (§
340 2411 417 2444 144,
441 2402 478 2436 in
499 2401 554 2436 ed.
578 2413 597 2436 a
612 2402 649 2436 de
672 2401 794 2447 Wailly
811 2402 966 2446 curata);
993 2400 1132 2435 Coenes
1151 2401 1193 2435 de
1213 2401 1373 2435 Bethune
1394 2410 1494 2446 sages
1513 2400 1599 2434 che-

108 2457 231 2492 valiers
249 2467 282 2492 et
300 2457 399 2492 loials
416 2458 451 2503 (ss
471 2458 567 2502 574).

158 2533 188 2567 3.
217 2523 262 2558 V.
301 2523 392 2557 Petri
427 2523 643 2557 d'Ontreman
673 2522 988 2571 Constantinopolim
1015 2522 1181 2568 belgicam,
1215 2520 1291 2556 162.
1321 2520 1596 2569 (VVallenskold,

107 2586 156 2629 op.
181 2578 286 2622 laud„
309 2591 342 2626 p.
367 2580 444 2625 24.)
