1810 2903
749 153 1011 182 —120—

141 247 158 290 5
463 233 544 277 Car
564 233 680 289 j'aim
702 232 807 276 molt
827 232 1133 287 triboumartel,

460 310 577 353 Bruit
603 322 643 353 et
670 308 850 367 bernage
877 322 917 353 et
944 308 1106 353 baudor
1122 327 1133 362 3

463 387 514 429 Et
534 397 664 443 quant
681 387 718 442 je
739 386 804 429 sui
826 401 879 429 en
899 385 1055 430 chastel

463 462 581 505 Plain
607 461 658 505 de
679 463 762 519 joie
783 474 824 505 et
844 461 895 505 de
917 461 1045 516 revel,

463 540 521 581 La
546 538 659 582 vueil
687 551 793 582 estre
820 550 861 582 et
887 540 980 582 nuit
1006 550 1046 582 et
1073 541 1150 595 jor.

146 630 195 658 10
465 613 752 659 Triboudaine
774 627 814 658 et
835 613 1073 658 triboudel!

467 694 584 735 Deus
610 689 822 735 confonde
846 691 883 734 le
911 691 1046 734 musel

465 768 554 818 Qui
580 766 733 810 n’aime
756 769 837 824 joie
863 781 902 811 et
929 767 1117 812 baudor!

877 852 896 871 >k

857 889 916 910 *ss

466 922 531 964 De
553 933 639 964 tote
660 921 741 977 joie
764 918 889 963 m’est
907 920 990 974 bel,

467 999 516 1041 Et
543 1010 674 1055 quant
700 997 773 1054 j'oi
794 996 831 1040 le
852 996 996 1040 fl'a'utel

148 1088 192 1131 15
467 1075 601 1117 Soner
625 1089 724 1117 avec
750 1073 787 1116 la
813 1072 948 1126 tabor,

471 1150 733 1193 Damoiseles
757 1162 797 1193 et
818 1148 969 1193 donzel

471 1227 686 1271 Chantent
713 1239 753 1269 et
779 1226 870 1269 font
896 1239 1017 1283 grant
1046 1226 1174 1280 revel,

472 1302 693 1347 Chascuns
715 1319 736 1345 a
758 1302 905 1360 chapel
930 1301 981 1345 de
1004 1301 1098 1355 flor,

469 1381 519 1423 Et
539 1378 718 1423 verdure
744 1391 785 1422 et
813 1378 1000 1423 broutels

146 1470 201 1499 20
469 1457 519 1499 Et
546 1455 573 1498 li
601 1454 708 1500 dous
734 1454 863 1499 chans
890 1455 962 1499 des
989 1455 1113 1499 oisels

472 1533 543 1575 Me
571 1545 703 1575 remet
730 1548 782 1575 en
807 1544 928 1590 grant
954 1531 1127 1576 baudor.

194 1661 238 1693 V.
266 1671 295 1703 5,
315 1672 369 1694 car
386 1661 455 1694 iam
477 1660 563 1694 molt
583 1660 674 1694 tribu
693 1659 827 1694 martel.
853 1680 892 1684 —
911 1660 956 1693 V.
980 1658 1015 1702 6,
1038 1659 1117 1693 brut
1134 1668 1166 1693 et
1191 1659 1366 1706 bernaige.
1382 1659 1485 1693 —V.
1509 1670 1542 1703 7,
1561 1660 1634 1694 suis

148 1727 191 1750 en
209 1715 364 1750 chaistel.
385 1737 427 1740 —
449 1716 493 1748 V.
518 1715 551 1757 8,
575 1715 674 1749 riuel.
697 1734 742 1740 —
762 1715 806 1748 V.
830 1727 864 1762 9,
887 1714 931 1748 lai
949 1715 1029 1749 ueul
1049 1723 1148 1749 estre.
1173 1734 1216 1739 -
1237 1715 1282 1748 V.
1310 1725 1363 1755 12,
1386 1715 1419 1748 ki
1438 1715 1566 1749 naime.
1590 1735 1633 1740 -

149 1772 193 1805 V.
229 1783 281 1816 13,
305 1780 414 1806 toute.
443 1792 489 1796 -—-
514 1771 559 1805 V.
586 1780 640 1812 14,
667 1770 726 1805 lou
749 1770 919 1805 flaihutel.
941 1791 987 1795 —-
1013 1770 1057 1804 V.
1092 1782 1144 1814 15,
1167 1771 1282 1804 soneir
1302 1781 1423 1804 aueuc.
1445 1791 1487 1795 —
1508 1771 1553 1805 V.
1579 1770 1632 1812 16,

149 1827 382 1861 damoiselles.
396 1848 438 1852 -
457 1827 500 1861 V.
526 1837 578 1871 17,
603 1826 701 1861 riuel.
723 1848 765 1851 —
783 1827 827 1860 V.
854 1827 907 1868 18,
928 1826 972 1861 ait
990 1826 1124 1872 chaipel
1145 1826 1187 1860 de
1204 1826 1305 1860 flour.
1327 1847 1369 1851 —
1388 1826 1431 1860 V.
1459 1836 1513 1872 19,
1535 1826 1635 1860 brou-

148 1883 237 1918 delz.
262 1904 302 1908 —
325 1883 369 1917 V.
392 1893 448 1925 20,
474 1882 621 1917 douls...
642 1882 765 1918 oixels.
789 1903 831 1907 —
856 1882 900 1916 V.
925 1893 982 1924 21,
1006 1883 1150 1917 badour.

194 2004 238 2037 V.
257 2004 332 2046 5-6.
346 2024 387 2028 —
404 2004 443 2037 In
456 2004 495 2037 iis
506 2003 618 2038 verbis
636 2004 723 2037 tribu
743 2003 857 2037 martel
870 2004 945 2036 brut
960 2004 1117 2048 hernaige,
1132 2004 1282 2038 aestuavi
1294 2003 1426 2037 infelix.
1442 2004 1525 2038 Fere
1542 2004 1636 2038 idem

148 2059 268 2093 omnia
289 2060 362 2093 sine
388 2059 494 2093 dubio
521 2059 651 2100 valent,
678 2067 800 2105 utpote
821 2069 908 2104 quae
935 2059 1056 2093 onmia
1075 2060 1131 2103 (ut
1152 2059 1290 2103 baudor)
1315 2059 1447 2093 laetum
1472 2059 1636 2093 feriarum

150 2115 345 2149 tumultum
371 2115 568 2161 designent.
597 2115 798 2149 Verborum
829 2115 973 2160 quidem
1006 2115 1093 2157 brut,
1126 2115 1284 2159 bernaige,
1314 2114 1406 2148 haud
1434 2114 1637 2149 difficillime

151 2172 324 2205 rationem
344 2171 466 2205 reddas
489 2170 586 2215 (vide
611 2182 726 2216 supra,
753 2171 832 2211 VII,
859 2180 916 2212 22,
940 2170 964 2203 il
982 2171 1065 2203 aime.
1087 2171 1176 2204 bruit
1197 2176 1224 2204 pl
1240 2170 1392 2211 hutiner3
1418 2191 1460 2194 —
1481 2169 1524 2204 cf.
1559 2170 1633 2216 Voy.

149 2227 185 2260 de
206 2227 321 2261 Charl.
345 2228 363 2260 ὰ
381 2227 574 2270 Jerusalem,
596 2238 629 2259 v.
654 2236 717 2270 205
747 2239 754 2260 z
777 2226 852 2260 Hm·
875 2226 997 2260 devuns
1007 2226 1099 2272 jaira
1119 2227 1214 2272 feste,
1234 2226 1385 2272 basnage
1407 2231 1435 2259 et
1449 2230 1551 2271 grant
1571 2225 1637 2260 cles-

143 2287 257 2327 porty,
296 2282 464 2316 vocabula
487 2290 606 2316 autem
638 2282 724 2315 trihu
763 2282 878 2315 martel
912 2280 1014 2316 nullo
1041 2282 1148 2316 modo
1175 2281 1341 2327 explicare
1377 2281 1488 2327 potui.
1515 2302 1558 2307 —
1579 2282 1637 2316 An

149 2337 270 2371 triboul
301 2337 521 2384 legendum?
541 2337 601 2381 (cf.
625 2338 673 2371 La
690 2343 774 2371 mort
796 2338 932 2382 Aimery
957 2337 994 2371 de
1012 2337 1201 2379 Νανὺοηηε,
1221 2349 1253 2369 v.
1289 2346 1374 2378 1242
1396 2349 1402 2370 :
1429 2336 1476 2371 La
1496 2337 1636 2372 veissiez

150 2405 196 2427 un
219 2393 425 2427 communel
445 2393 605 2437 triboul).
632 2393 791 2428 Fortasse
808 2393 903 2428 idem
923 2393 1040 2427 valent
1059 2392 1282 2427 triboumarlel
1302 2400 1334 2427 et
1350 2392 1515 2426 triboudel.

193 2448 236 2483 V.
264 2449 304 2484 16
325 2461 331 2482 ε
354 2449 470 2495 Supple
491 2461 496 2482 :
517 2449 566 2494 [et
589 2449 672 2495 que]
691 2448 902 2483 damoiseles
924 2458 956 2483 et
977 2448 1102 2483 donzel
1120 2449 1333 2483 chantem...

195 2504 239 2538 V.
265 2515 317 2550 19,
338 2504 661 2538 broutelszsilvula
676 2503 736 2549 (cf.
755 2505 934 2547 brottecznx,
954 2505 1076 2549 brout).
1101 2504 1199 2539 Hanc
1218 2503 1371 2540 formam
1392 2503 1526 2539 formae
1543 2504 1637 2539 brou-

149 2560 228 2605 dclz,
252 2572 339 2606 quae
356 2561 391 2594 in
412 2572 476 2594 ms.
501 2559 639 2606 legitur,
663 2560 821 2607 praetuli.
