1810 2903
669 431 887 484 INDEX
924 431 1168 486 RERUM

173 633 324 676 CAPUT
356 634 528 677 PmMuM
666 632 785 684 Quid
834 631 914 676 sibi
961 631 1228 676 tractandum
1276 631 1545 690 proposuerit

733 707 911 766 hujusce
939 706 1135 766 opusculi
1161 720 1309 751 auctor
1319 741 1536 751 ........

241 817 292 823 -
364 793 601 836 SECUNDUM
662 791 782 844 Quid
817 792 869 837 de
912 791 1082 838 Nicolai
1127 792 1287 836 Museti
1334 804 1543 850 tempore,

734 870 864 926 patria
886 881 927 913 et
945 869 1031 913 vita
1056 869 1162 912 scire
1187 868 1310 912 liceat
1321 902 1537 912 ........

245 970 297 976 -
366 945 567 988 TERTmM
664 946 810 996 Quem
845 945 989 990 locum
1025 944 1229 989 Nicolaus
1273 945 1382 988 inter
1417 943 1549 988 medii

738 1022 828 1065 aevi
879 1020 1034 1078 lyricos
1078 1021 1258 1065 tenuerit
1306 1037 1314 1063 :
1365 1021 1548 1078 epitome

736 1098 1034 1142 communium
1057 1096 1256 1141 omnibus
1283 1098 1373 1154 ejus
1403 1098 1549 1141 aetatis

738 1173 876 1231 lyricis
904 1186 1251 1232 argumentorum
1264 1207 1540 1217 ..........

240 1265 298 1272 —-
366 1241 596 1293 QUARTUM
656 1242 832 1286 Poetam
879 1253 1074 1286 nostrum
1130 1256 1382 1285 communes
1444 1242 1547 1285 istos

738 1316 853 1361 locos
879 1332 967 1361 non
1000 1317 1208 1362 serviliter
1234 1316 1441 1371 retulisse,
1476 1315 1550 1361 sed

740 1392 1019 1450 peculiaribus
1069 1395 1341 1451 venustisque
1391 1394 1550 1451 ingenii

739 1468 909 1514 dotibus
930 1470 1157 1514 eminuisse
1176 1503 1540 1514 .............

245 1569 300 1576 —-
369 1546 584 1596 QmNTUM
666 1546 732 1589 De
755 1546 934 1590 Conone
956 1545 1232 1590 Bethuniensi
1251 1561 1350 1590 cum
1367 1545 1548 1590 Nicolao

735 1634 979 1680 comparato
999 1655 1541 1667 ...................

243 1722 300 1728 -—
369 1698 547 1741 SEXTUM
668 1699 733 1742 De
748 1714 944 1742 sermone
957 1698 1124 1744 Nicolai
1141 1697 1548 1743 animadversiones.

241 1799 299 1804 -
367 1774 593 1818 SEPTIMUM
667 1776 730 1818 De
756 1787 842 1819 arte
864 1776 1037 1819 metrica
1063 1773 1175 1834 apud
1198 1775 1448 1820 Nicolaum.
1468 1809 1477 1818 .
1498 1808 1506 1818 .
1527 1811 1536 1820 .

244 1874 301 1880 —-
370 1850 592 1894 OCTAVUM
663 1852 729 1895 De
766 1851 934 1896 Nicolai
972 1852 1209 1895 carminum
1244 1863 1360 1895 textu
1398 1852 1552 1896 consti-

742 1927 901 1972 tuendo
913 1961 1544 1972 ......................

183 2002 402 2045 APPENDlx
610 2004 776 2048 Nicolai
794 2020 901 2063 quae
923 2016 1148 2062 supersunt
1162 2004 1402 2048 carminum
1420 2003 1552 2049 editio

684 2093 822 2124 cr1t1ca
829 2115 1543 2124 .........................

665 2651 772 2677 Mun-ou.
790 2652 886 2677 Protat
900 2651 995 2682 freres,
1012 2652 1194 2686 imprimeurs,

1643 721 1657 749 Ι

1614 883 1658 912 ΙΙ

1611 1187 1662 1217 21
