1810 2903
818 144 1054 197 ..53—

197 233 241 275 in
269 233 542 276 Stenimacon
569 233 856 287 obsidebatur,
886 235 1077 280 liberavit
1103 235 1148 294 (§
1175 251 1277 293 435,
1308 237 1359 280 cf.
1384 237 1406 294 §
1433 237 1567 295 469),
1592 239 1679 281 sive

196 310 321 352 etiam
344 324 511 366 captam
531 310 860 368 Andrinopolim
881 328 979 356 cum
1006 325 1176 356 centum
1202 313 1409 357 militibus
1431 313 1680 358 servandam

196 386 358 442 accepit
376 385 421 443 (§
442 385 568 443 496).
600 387 708 439 Imo,
738 400 817 431 stat
844 401 937 431 ante
964 388 1126 436 oculos,
1159 388 1208 432 ab
1235 391 1423 433 Henrico
1450 389 1501 433 de
1528 389 1683 433 Valen-

197 463 321 505 tianis
351 461 541 519 depictus
578 462 622 520 (ὃ
662 463 784 521 390),
825 466 948 509 Cono
985 478 1103 508 atrox
1140 467 1281 519 miles,
1317 478 1530 511 armatura
1566 467 1683 525 gravi

199 538 388 593 indutus,
422 540 584 583 fortiter
617 557 730 598 equo
764 540 1006 598 persedens,
1043 543 1084 585 vi
1114 541 1282 599 frigoris
1316 555 1512 599 perustus
1546 557 1554 585 :
1585 558 1686 586 nam

200 632 298 658 cum
316 615 474 661 bellum
497 632 677 674 operose
699 633 798 661 cum
819 617 1069 661 Lombardis
1090 631 1319 676 gereretur,
1346 635 1366 659 «
1385 619 1513 663 Cono
1531 618 1685 662 Bethu-

199 693 358 736 niensis
384 694 434 736 iis
455 694 565 736 mala
592 694 837 751 precabatur
862 696 935 753 qui
962 695 1280 739 commilitones
1307 708 1423 739 tanto
1451 695 1686 740 discrimini

198 769 452 826 objecerant,
490 770 855 829 contendebatque
888 787 960 814 eos
987 772 1095 815 vitae
1122 772 1293 827 ‚futurae
1319 771 1472 830 gaudia
1497 788 1687 816 comme-

199 848 348 898 ruisse,
388 848 476 904 qui,
515 846 610 904 gelu
651 849 767 904 quasi
810 849 1009 904 rigentes,
1054 860 1193 892 tantos
1232 864 1309 906 pro
1345 849 1440 892 Deo
1481 850 1686 893 cruciatus

200 922 449 967 tolerabant.
482 941 502 963 »

260 1002 303 1043 In
327 1001 514 1044 consiliis
535 1014 694 1055 autem,
723 1003 899 1045 meritus
923 1015 983 1045 est
1005 1015 1050 1046 ut
1073 1001 1253 1045 disertus
1279 1001 1554 1060 appellaretur
1576 1001 1686 1060 (bien

200 1077 415 1135 eloquens),
440 1094 526 1136 qua
552 1077 674 1122 laude
702 1094 795 1122 raro
823 1078 929 1122 alius
957 1091 1068 1131 ante,
1106 1080 1148 1122 in
1174 1078 1321 1137 gallica
1348 1078 1497 1122 saltem
1522 1078 1684 1136 lingua,

201 1168 374 1198 ornatus
396 1167 483 1198 erat
498 1163 526 1198 ¹.
550 1156 643 1198 Fuit
662 1168 817 1208 autem,
844 1168 889 1199 ut
909 1155 1091 1209 videtur,
1116 1157 1159 1198 in
1182 1155 1376 1207 dicendo,
1408 1171 1528 1213 asper
1549 1156 1687 1198 immi-

202 1233 355 1289 tisque.
386 1233 570 1283 Quoties
597 1234 711 1275 enim
738 1231 1053 1275 commilitones
1089 1244 1303 1276 oratorem
1335 1231 1472 1275 callidi
1503 1232 1688 1290 pruden-

204 1310 343 1367 tisque
387 1310 548 1366 ingenii
595 1308 847 1362 desiderant,
892 1308 943 1352 ad
988 1308 1252 1353 Gaufredum
1290 1308 1341 1352 de
1383 1307 1690 1352 Villaharduini

201 1387 343 1444 potius
374 1398 620 1440 recurrunt,
651 1387 814 1443 quoties
848 1398 988 1429 autem
1017 1401 1081 1429 res
1116 1399 1363 1443 promptum
1394 1384 1445 1429 ad
1479 1386 1687 1443 asperiora

200 1464 338 1506 virum
366 1463 517 1520 poscit,
546 1464 824 1520 impotentem
849 1475 887 1506 et
913 1463 1094 1505 nimium
1123 1463 1271 1515 animi,
1303 1463 1529 1506 Cononem
1560 1460 1688 1504 advo-

202 1551 312 1582 cant.
345 1540 456 1583 Cum
483 1541 600 1582 enim
627 1539 800 1583 Alexius
827 1552 1031 1596 tyrannus
1051 1538 1240 1596 legatum
1268 1539 1450 1581 misisset
1476 1538 1547 1595 qui
1575 1537 1689 1580 mili-

204 1629 265 1660 tes
297 1632 435 1660 sacros
471 1616 520 1660 ad
555 1632 743 1674 pugnarn
774 1616 1011 1667 lacesseret,
1048 1616 1189 1667 Corio,
1230 1614 1506 1658 suadentibus
1543 1615 1690 1657 ceteris

207 1693 398 1747 ducibus,
433 1709 475 1737 se
502 1695 648 1747 erexit,
678 1708 860 1751 eumque
888 1691 1130 1736 iracundius
1158 1692 1332 1749 respuit.
1357 1691 1455 1734 Alio
1478 1703 1686 1747 tempore,

205 1786 302 1814 cum
329 1771 518 1828 quinque
543 1769 638 1813 belli
661 1771 787 1813 sociis
813 1769 968 1813 electus
989 1782 1051 1812 est
1077 1770 1148 1827 qui
1170 1770 1472 1826 imperatorem
1493 1769 1536 1810 in
1557 1768 1690 1812 Cons-

206 1846 462 1905 tantinopoli
501 1859 764 1904 provocaret.
798 1847 846 1889 In
883 1845 1056 1890 dubiam
1091 1861 1188 1888 sane
1226 1845 1358 1888 aleam
1396 1844 1527 1897 ibant,
1562 1844 1690 1886 armis

208 1925 346 1978 cincti,
386 1939 458 1982 per
495 1922 690 1967 infestam
730 1921 903 1976 urbem3
940 1921 1144 1980 palatium
1186 1934 1328 1965 tamen
1363 1921 1539 1978 ingressi
1574 1932 1686 1963 sunt.

208 2000 416 2045 Sedebant
437 2000 552 2044 soliis
574 2001 804 2057 imperator
824 1998 999 2043 Alexius
1022 2000 1195 2056 ejusque
1217 2010 1331 2055 pater
1356 1997 1562 2049 Isaacius;
1584 1997 1691 2038 inter

209 2093 316 2135 quos
350 2092 454 2119 uxor
486 2077 768 2134 imperatoriS,
801 2090 923 2119 soror
956 2076 1065 2132 regis
1092 2074 1360 2131 Hungariae3
1394 2072 1691 2116 circumstabat

208 2155 463 2211 optimatum
486 2153 620 2197 turba.
639 2155 754 2196 Tum
774 2155 896 2197 Cono
919 2153 1214 2196 Bethuniensis
1237 2168 1244 2194 :
1273 2168 1292 2190 «
1314 2152 1421 2203 Nos,
1445 2151 1685 2207 imperator,

210 2231 258 2274 ad
281 2245 319 2274 te
344 2233 549 2274 miserunt
572 2231 775 2274 exercitus
795 2231 1002 2287 principes
1026 2241 1066 2272 et
1088 2229 1292 2272 Venetiae
1316 2226 1399 2270 dux
1423 2244 1431 2270 :
1459 2242 1565 2285 quos
1586 2227 1692 2269 scias

208 2321 374 2365 oportet
397 2323 571 2365 operam
595 2307 668 2351 tibi
695 2323 716 2349 a
744 2322 786 2349 se
808 2319 1002 2350 navatam
1029 2306 1197 2349 crimini
1218 2317 1433 2348 vertere...
1462 2304 1626 2347 Etenim
1650 2315 1690 2346 te

260 2467 288 2489 1.
318 2456 384 2488 Vix
405 2457 544 2500 incepto
562 2465 657 2489 sacro
676 2453 778 2494 bello,
803 2464 894 2486 unus
917 2452 980 2486 fuit
1002 2463 1020 2485 e
1042 2452 1171 2486 nuntiis
1191 2451 1249 2496 qui
1268 2462 1285 2484 a
1309 2449 1480 2484 Balduino
1501 2449 1630 2483 comite
1650 2449 1691 2483 ad

208 2512 444 2546 Venetianum
460 2510 587 2544 ducem
603 2510 698 2544 missi
717 2518 818 2550 sunt3
834 2509 1006 2554 posterius
1021 2516 1053 2542 et
1070 2506 1126 2541 ille
1138 2507 1180 2540 de
1196 2517 1278 2552 pace
1292 2517 1372 2540 cum
1384 2504 1590 2539 Lombardis
1607 2504 1689 2550 egit,

209 2578 361 2616 cumque
381 2566 533 2608 Michali,
556 2566 697 2612 Epirota
720 2574 868 2611 tyranno
888 2566 938 2608 (v.
960 2564 1152 2597 Henricum
1173 2562 1215 2597 de
1235 2561 1464 2602 Valentianis,
1484 2559 1616 2606 §692).
