1810 2903
762 162 992 204 ..70-

133 255 369 286 ceterorum
399 242 786 299 manuscriptorum
822 240 1001 299 adjicias.
1033 241 1165 292 Quod
1190 241 1241 285 ad
1272 242 1432 300 reliqua
1448 242 1616 287 Nicolai

134 319 318 362 carmina
347 330 520 375 spectat,
560 330 742 376 quatuor
768 333 967 371 numero,
1008 319 1053 361 in
1087 316 1217 362 dubio
1251 320 1441 376 positum
1475 332 1616 363 utrum

133 393 297 452 singula
317 393 520 437 vocabula
547 392 599 437 ad
631 393 844 451 exemplar
872 393 1027 437 codicis
1056 393 1286 447 bernensis,
1325 393 1439 452 quod
1470 394 1520 438 ad
1553 410 1617 438 res

134 469 499 528 orthogtaphicas,
544 468 804 514 restituenda
838 471 938 523 sint,
977 485 1029 513 an
1059 471 1104 513 in
1142 485 1403 528 unoquoque
1431 471 1617 514 carmine

134 544 317 599 edendo,
348 545 418 588 alii
456 545 631 603 quidam
667 545 833 589 codices
869 546 953 589 sint
988 544 1188 602 eligendi,
1225 561 1412 603 quorum
1442 546 1619 604 scriptu-

134 637 225 665 ram
252 621 420 665 referas.

194 699 344 752 Porro,
375 698 409 740 si
437 698 529 755 quis
559 713 673 740 nunc
707 713 822 751 eum,
860 713 977 742 nunc
1005 697 1126 742 illurn
1154 696 1344 741 codicem
1374 710 1615 751 assectatur,

138 774 440 818 versicolorem
462 789 540 817 nec
567 772 645 817 sibi
669 775 767 817 satis
793 786 1057 817 constantem
1080 787 1244 818 textum
1270 775 1452 818 instruet
1462 792 1474 829 ;
1505 775 1621 832 atqui

136 849 243 893 nihil
272 849 410 893 obstat
440 851 543 908 quin
575 849 727 894 edendi
766 851 977 894 rationem
1009 866 1097 894 non
1136 849 1241 894 adeo
1278 850 1476 894 servilem
1507 851 1618 893 iner-

135 939 310 984 temque
328 941 558 984 sequamur
579 943 586 970 :
618 942 718 970 narn
764 926 875 984 (sive
897 939 1071 980 rectam,
1101 927 1188 970 sive
1214 942 1405 984 pravam,
1430 928 1517 971 sive
1541 928 1620 971 cri-

135 1004 275 1056 ticam,
315 1003 402 1046 sive
438 1001 489 1046 ad
524 1001 655 1046 fidem
689 1004 1082 1060 manuscriptorum
1115 1004 1367 1060 exscriptam
1400 1002 1622 1061 orthogra-

137 1078 281 1136 phiam
303 1078 588 1136 constituero)
612 1079 843 1137 philologis
869 1079 1151 1123 nihilominus
1178 1079 1318 1123 licebit
1351 1081 1396 1123 in
1421 1092 1622 1138 apparatu

139 1157 284 1199 critico
305 1155 503 1198 omnium
525 1155 722 1199 codicum
744 1154 1066 1213 discrepantiam
1088 1157 1283 1213 reperire.

199 1232 242 1274 Si
264 1232 358 1288 quis
377 1244 522 1275 contra
539 1232 738 1276 omnium
766 1245 1015 1289 poematum
1033 1232 1383 1290 orthographiam
1403 1231 1455 1276 ad
1482 1249 1624 1277 exem-

140 1307 228 1365 plar
252 1308 378 1351 unius
407 1307 565 1351 codicis
595 1308 826 1352 informare
860 1308 1000 1361 vellet,
1043 1310 1130 1366 ejus
1166 1308 1328 1352 scilicet
1363 1307 1521 1353 codicis
1549 1311 1622 1368 qui

138 1383 259 1441 plura
302 1383 425 1427 nobis
464 1382 634 1428 tradidit
662 1397 874 1442 poemata,
911 1384 1092 1442 perbene
1123 1383 1297 1442 quidem
1334 1384 1502 1440 faceret,
1541 1387 1623 1430 nisi

139 1459 315 1503 adverso
340 1459 528 1518 quodam
542 1476 641 1504 casu
663 1460 713 1504 de
735 1460 931 1504 bernensi
957 1462 1038 1505 isto
1058 1460 1202 1504 codice
1225 1474 1434 1519 ageretur.

199 1538 271 1590 At,
302 1549 349 1580 ut
374 1535 480 1580 bene
502 1548 671 1590 notum,
696 1536 852 1581 librum
875 1536 998 1580 illum
1025 1537 1294 1590 bernensem,
1326 1552 1513 1582 ceterum
1535 1554 1625 1595 pre-

140 1613 439 1665 tiosissimum,
480 1612 614 1656 scriba
642 1612 816 1657 hirsutis
840 1614 1109 1672 spinosisque
1124 1616 1334 1657 sermonis
1355 1614 1624 1672 Burgundiae

142 1688 291 1732 formis
329 1689 386 1732 ita
417 1687 626 1732 obstruxit
660 1702 706 1733 ut
732 1689 839 1733 hanc
872 1689 1089 1733 horridam
1119 1703 1281 1734 vestem
1312 1704 1460 1748 poetae
1492 1692 1626 1735 nostri

142 1764 332 1808 versibus
359 1763 572 1808 induxerit
596 1781 604 1808 :

378 1859 503 1902 Mout
526 1858 695 1903 m'anue
714 1858 847 1902 d'iver
872 1859 924 1902 ke
951 1871 1041 1903 tant
1060 1861 1117 1903 ait
1135 1859 1286 1914 dureit,

379 1935 442 1977 Ke
466 1936 504 1991 je
534 1950 587 1978 ne
606 1936 678 1978 voi
699 1936 916 1992 roisignoz
937 1950 991 1978 en
1012 1935 1129 1979 bruel
1155 1952 1309 1990 ramer,

380 2011 429 2054 Et
447 2009 519 2053 des
545 2011 597 2054 ke
619 2013 655 2068 je
677 2013 747 2054 voi
774 2011 846 2055 lou
868 2024 961 2055 tens
981 2011 1263 2066 renouveleir,

381 2087 424 2130 Si
451 2102 521 2130 me
548 2089 746 2131 convient
771 2088 822 2130 ke
844 2089 881 2145 je
908 2089 997 2131 soie
1022 2103 1074 2131 en
1095 2101 1181 2131 cest
1206 2090 1327 2132 esteit

380 2162 485 2206 Plux
512 2165 682 2220 mignos
710 2176 751 2207 et
770 2165 989 2208 envoixiez
1015 2165 1066 2207 ke
1093 2165 1201 2208 n’aie
1230 2166 1367 2209 esteit.

203 2255 270 2297 Sic
303 2254 371 2311 (ut
394 2256 599 2300 mendum
620 2273 756 2301 unum
777 2257 975 2315 arguam)
1011 2273 1140 2301 unam
1174 2258 1454 2317 eamdemque
1474 2275 1626 2303 vocem

143 2334 164 2372 ε’
181 2346 261 2387 qua
286 2332 354 2373 isti
379 2333 566 2389 quinque
593 2348 737 2376 versus
770 2335 1053 2377 terminantur
1081 2333 1212 2392 (dure',
1248 2339 1372 2387 rame,
1411 2336 1622 2389 rmouveld,

142 2404 235 2463 estc‘)
258 2406 391 2449 scriba
410 2408 563 2464 triplici
593 2408 724 2452 modo
745 2411 909 2452 notavit
929 2409 1095 2466 (dureit,
1120 2425 1265 2463 ramer,
1289 2409 1563 2468 renouvelez'r).

205 2481 438 2526 Abundant
469 2483 565 2527 talia
603 2484 784 2528 levitatis
816 2497 856 2528 et
897 2487 1221 2529 insconstantiae
1251 2487 1457 2544 exempla.
1498 2488 1626 2531 Nunc

146 2556 341 2602 librarius
375 2560 588 2616 roisignors
620 2559 756 2617 (VIII,
797 2560 847 2617 2)
883 2563 1064 2618 scripsit,
1099 2578 1214 2606 nunc
1257 2576 1397 2606 autem
1434 2564 1625 2619 roisignoz
