1851 2949
782 206 981 247 -6-

133 298 244 342 illius
280 311 500 356 permanet
536 312 558 340 a
594 312 678 355 quo
711 297 898 355 primum
931 297 1011 341 fuit
1040 299 1336 355 excogitatum.
1378 299 1517 343 Melos
1558 315 1624 343 res

136 386 198 419 est
224 375 393 432 propria
407 374 616 418 inventori
634 372 853 431 adscripta,
877 374 1091 431 privatum
1115 375 1340 432 repertoris
1360 373 1622 428 dominium,

138 449 253 508 quod
287 449 434 503 furari,
475 450 563 492 imo
603 450 785 493 mutuari
825 449 957 493 nefas.
995 450 1037 493 Si
1073 451 1166 508 quis
1198 449 1306 494 forte
1344 449 1565 508 stropham
1602 465 1626 493 a

140 527 290 585 quovis
342 525 423 569 alio
473 538 596 583 poeta
645 525 874 568 formatam
914 527 1189 584 usurpaverit,
1241 541 1410 570 necesse
1463 539 1525 571 est
1579 539 1629 571 ut

140 603 452 647 mutuationem
480 616 672 659 expresse
696 601 991 659 profiteatur1.
1023 602 1144 654 Quid
1169 615 1264 647 tum
1299 601 1425 647 inde?
1461 602 1629 647 Scilicet

142 678 257 722 haud
294 693 388 721 raro
433 692 625 722 erramus
671 693 767 721 cum
808 678 897 721 istis
936 678 1145 736 poematis
1179 690 1266 722 tam
1304 677 1505 722 seduliter
1544 689 1631 722 stu-

143 755 292 799 demus
328 769 435 812 quae
472 755 551 811 ipsi
590 766 780 798 auctores
829 769 905 812 pro
938 753 1073 798 nihilo
1110 753 1282 798 fortasse
1320 753 1527 798 duxerunt
1560 753 1632 798 vel

144 830 267 875 flocci
313 845 399 874 non
441 829 648 874 fecerunt.
701 829 840 874 Melos
886 829 968 874 illis
1009 831 1183 874 maximi
1221 829 1421 888 ponderis
1462 841 1550 874 erat
1589 842 1631 874 et

147 907 374 960 momenti,
411 921 558 951 versus
586 918 729 950 autem
755 906 941 950 minimi.
974 905 1101 951 Haud
1137 905 1254 950 aliter
1279 907 1434 951 nostris
1464 918 1632 964 tempo-

149 984 262 1028 ribus
283 984 441 1039 evenit,
457 998 556 1028 cum
577 984 923 1042 praestantissimi
943 984 1094 1028 musici
1114 984 1397 1041 pessimorum
1421 982 1628 1028 versifica—

149 1072 295 1104 torum
314 1060 483 1117 ineptiis
505 1060 682 1104 eximios
703 1059 856 1104 modos
876 1072 1032 1118 aptant,
1050 1072 1091 1104 et
1109 1059 1271 1104 stolidis
1284 1059 1472 1104 versibus
1486 1058 1632 1104 nobile

149 1135 285 1180 melos
312 1135 528 1181 maculant
553 1148 594 1180 et
620 1137 738 1194 quasi
760 1135 972 1194 polluunt.

208 1214 425 1267 Attamen,
452 1228 537 1271 quo
558 1212 867 1271 frequentiores
888 1212 1122 1270 lyricorum
1150 1211 1358 1256 editiones
1384 1212 1492 1270 typis
1517 1227 1637 1255 man-

152 1289 382 1344 dabuntur,
410 1305 461 1333 eo
481 1288 659 1333 lucidius
685 1288 978 1342 illustrabitur,
998 1287 1279 1346 singularibus
1305 1288 1573 1332 lineamentis
1597 1301 1640 1333 et

155 1364 366 1410 coloribus
401 1364 611 1418 distincta,
652 1365 929 1422 peculiaribus
965 1366 1095 1423 signis
1129 1364 1432 1418 discriminata,
1476 1365 1638 1423 aliquot

156 1455 376 1500 poetarum
406 1441 547 1485 facies.
578 1443 726 1485 Animi
756 1443 819 1485 sui
848 1454 1005 1485 secreta
1042 1457 1161 1485 avare
1191 1441 1462 1485 retexerunt?
1488 1441 1641 1484 Fateor

157 1518 371 1576 equidem.
396 1519 535 1562 Pauca
565 1517 615 1561 de
646 1534 688 1562 se
716 1517 940 1562 dixerunt?
964 1517 1171 1562 Nonnihil
1193 1529 1335 1561 tamen
1360 1516 1444 1560 fere
1467 1532 1638 1570 omneS,

158 1606 198 1638 et
224 1593 395 1652 quidam
418 1594 565 1639 multa.

211 1724 240 1748 1.
269 1713 339 1755 Sic,
360 1722 398 1747 ut
418 1714 552 1748 notavit
580 1712 624 1748 G.
650 1713 757 1755 Paris,
780 1713 918 1747 cuidam
934 1713 1054 1758 Jacobi
1072 1713 1337 1748 Cameracensis
1352 1712 1497 1747 carmini
1516 1712 1644 1758 (Mere,

158 1769 272 1804 donce
292 1770 511 1814 creature...)
531 1770 567 1803 in
588 1769 749 1803 bernensi
767 1769 885 1804 codice
903 1769 1110 1815 inscriptum
1132 1777 1180 1804 est
1201 1781 1207 1803 :
1237 1782 1254 1801 ι(
1270 1781 1310 1803 ou
1326 1769 1421 1804 chant
1440 1768 1476 1802 de
1499 1768 1531 1802 la
1558 1768 1648 1814 glaie

160 1829 265 1859 mettre
286 1839 303 1857 »
338 1838 345 1867 ;
377 1825 518 1867 scilicet,
541 1833 579 1859 ut
599 1825 636 1860 P.
661 1825 783 1871 Meyer
811 1824 1070 1867 animadvertit,
1098 1825 1248 1870 Jacobus
1281 1824 1546 1859 Cameracensis
1579 1824 1649 1859 hoc

161 1880 339 1926 Radulphi
369 1881 606 1915 Sessionensis
632 1891 774 1927 poema,
793 1880 888 1926 quod
914 1880 956 1914 ad
981 1881 1192 1926 rhythmum
1217 1880 1353 1922 attinet,
1379 1881 1535 1914 imitatus
1563 1888 1615 1914 est
1638 1891 1645 1914 :

166 1948 183 1967 «
210 1936 324 1979 Quam*
342 1937 396 1969 voi
412 1936 441 1969 la
454 1937 541 1981 glaie
559 1940 676 1970 mb'ztre.
706 1950 724 1968 »
744 1956 790 1961 -—
806 1936 971 1971 Alterum
998 1935 1201 1982 exemplum
1233 1936 1353 1971 retulit
1384 1935 1429 1970 G.
1457 1936 1555 1970 Paris
1583 1935 1646 1980 (cf.

163 1991 334 2032 Romania,
351 2002 462 2037 vn‚p.
483 1992 558 2038 97),
577 1992 631 2025 cui
650 1991 748 2037 plura
768 1991 892 2026 addere
905 1991 995 2026 licet.
1019 1992 1112 2026 Nam
1128 1991 1310 2026 bernensis
1330 1991 1442 2026 scriba
1456 1991 1539 2025 huic
1559 1991 1648 2037 ejus-

164 2046 245 2080 dem
264 2046 383 2091 Jacobi
405 2047 665 2082 Cameracensis
686 2047 830 2081 carmini
855 2059 861 2081 ε
882 2047 974 2081 Kant
996 2049 1024 2088 je
1047 2047 1122 2093 plus
1148 2053 1226 2093 pens
1254 2058 1274 2080 a
1305 2047 1476 2082 cometzcier
1494 2046 1646 2089 chamon,

163 2102 266 2135 istam
284 2103 498 2147 praescripsit
520 2103 849 2137 annotatiunculam
873 2115 879 2136 :
900 2114 940 2136 on
958 2102 1054 2137 chant
1074 2107 1110 2136 tu
1129 2104 1175 2137 mi
1204 2103 1300 2144 desir,
1322 2103 1403 2148 quia
1422 2103 1648 2148 stropharum

164 2157 396 2192 conformatio
416 2158 579 2202 (abahhcc)
601 2158 754 2193 formam
772 2158 935 2192 carminis
955 2158 1164 2201 Theobaldi‚
1184 2159 1359 2193 Navarrae
1379 2158 1470 2204 regis
1492 2169 1498 2191 :
1522 2171 1539 2190 «
1572 2157 1650 2193 Tzcit

165 2213 212 2246 mi
227 2212 311 2246 desit*
329 2218 357 2247 et
378 2214 443 2247 tuit
460 2215 506 2247 vti
519 2214 614 2259 grizff
629 2219 764 2248 torment
786 2215 877 2259 (non
900 2214 975 2248 sine
1004 2214 1255 2248 immutatione
1280 2213 1432 2260 quadam
1458 2225 1465 2247 ε
1491 2213 1649 2258 ababbaa)

166 2267 319 2314 replicat.
354 2269 445 2311 Imo,
476 2269 561 2303 haec
589 2269 708 2314 Jacobi
740 2269 1003 2304 Cameracensis
1030 2270 1147 2304 cantio
1171 2281 1178 2303 z
1205 2283 1222 2302 «
1252 2269 1345 2303 Loeir
1375 2269 1519 2304 m’estuet
1547 2269 1585 2303 de
1619 2269 1651 2304 la

167 2325 257 2357 rolne
276 2324 398 2366 Marie,
428 2338 444 2355 n
478 2325 671 2370 composita
702 2324 769 2359 fuit
791 2339 807 2358 α
835 2337 876 2360 otc
901 2326 995 2361 chnut
1019 2325 1055 2359 de
1077 2325 1152 2359 bone
1179 2336 1294 2359 amour
1318 2329 1347 2359 et
1374 2325 1473 2359 Ioiaul
1500 2325 1604 2368 amie3
1629 2338 1647 2357 n

167 2379 295 2424 quippe
313 2390 401 2425 quae
421 2391 439 2414 a
460 2380 542 2414 Gace
560 2380 663 2414 Brule'
675 2381 872 2426 composito
890 2381 1035 2416 carmini
1055 2392 1062 2414 ι
1091 2393 1108 2413 «
1130 2380 1180 2414 De
1205 2381 1280 2414 bone
1304 2391 1419 2414 amour
1443 2385 1470 2414 et
1489 2380 1525 2414 de
1551 2380 1652 2414 loiaul

167 2435 276 2468 amic»
291 2435 361 2480 pari
382 2435 593 2481 syllabarum
612 2436 888 2482 uniuscujusque
902 2448 1023 2471 versus
1040 2447 1203 2478 numero,
1216 2436 1353 2481 paribus
1370 2447 1534 2471 versuum
1552 2436 1652 2470 exiti-

168 2490 232 2524 bus
251 2491 308 2535 (ie,
330 2502 415 2533 anre,
434 2492 496 2536 ire)
518 2500 549 2525 et
564 2492 637 2537 pari
658 2492 882 2537 stropharum
902 2492 1181 2526 conformatione
1199 2492 1380 2537 (ababcccb)
1395 2491 1576 2526 simillima
1592 2492 1648 2527 sit.

167 2546 299 2580 —Hoc
317 2555 436 2580 autem
449 2547 686 2582 animadverte
701 2560 707 2581 :
724 2547 872 2592 Jacobus
882 2548 1144 2583 Cameracensis
1163 2548 1382 2594 propositum
1399 2547 1522 2581 habuit
1540 2547 1652 2581 devota

167 2609 201 2635 et
219 2612 311 2635 sacra
336 2611 496 2647 poemata
516 2614 621 2649 quam
639 2602 804 2638 facillime
822 2603 1016 2638 diffundere
1027 2615 1035 2645 ;
1056 2615 1119 2638 nec
1136 2604 1267 2638 mirum
1291 2604 1332 2645 si,
1359 2601 1524 2649 profanae
1541 2602 1652 2638 laudis

170 2667 292 2703 parum
313 2658 481 2702 curiosus,
498 2658 658 2705 vulgatos
675 2658 978 2694 celeberrimorum
999 2667 1180 2706 poetarum
1200 2658 1325 2694 modos
1342 2659 1531 2706 usurpavit.
