1810 2903
771 166 1003 210 „31-

143 246 335 290 sionibus
373 259 558 304 captatae
588 262 705 290 mera
732 263 825 304 spes
859 247 1197 305 anteponenda¹‚
1234 247 1366 291 dulcis
1397 260 1438 292 et
1463 260 1631 305 optatus

145 321 281 376 dolor,
305 322 595 381 gaudiumque
621 324 784 380 injuriis
806 324 1036 367 vivacius2.

208 416 227 439 «
258 398 473 443 Gaudium
503 416 522 439 ›)
552 413 692 443 autem
716 416 765 443 ex
793 415 881 443 uno
898 399 1016 443 fonte
1039 400 1210 456 profluit
1244 415 1252 443 :
1282 416 1452 458 prorsus
1478 402 1630 444 Amori

145 489 336 520 amantes
361 476 599 521 confidunt.
628 477 741 520 Cum
772 475 887 520 nulla
923 490 1068 520 ament
1098 478 1177 520 nisi
1209 476 1320 520 bona
1350 477 1624 535 pulchraque,

144 569 245 597 cum
271 552 470 597 dominae
491 553 681 597 favorem
703 553 923 611 patientiae
944 565 986 596 et
1019 551 1119 596 fidei
1151 554 1355 611 impensis
1385 566 1630 597 consecten-

143 643 224 679 tur,
278 630 401 674 citius
443 629 655 673 tardiusve
705 642 769 673 tot
817 630 1023 673 virtutum
1069 628 1312 673 mercedem
1353 642 1631 688 assequentur

145 705 404 764 (guerredon)
423 719 431 745 t
448 708 581 749 Amor
595 706 711 749 enim
726 706 832 750 sicut
845 707 977 760 Deus,
1003 707 1074 764 qui
1093 706 1219 749 insita
1240 705 1422 763 quadam
1445 707 1632 749 necessi-

143 795 226 827 tate
247 784 385 825 virum
399 782 582 840 probum
609 795 901 826 remuneratur
932 799 940 825 :
972 797 1142 826 necesse
1163 794 1228 825 est
1251 795 1297 826 ut
1323 798 1400 840 pro
1427 784 1632 840 cujusque

146 859 299 902 merito
327 858 581 916 persolvat3.
616 859 892 916 Quicumque
918 859 1070 901 Amori
1103 874 1146 902 se
1177 859 1369 916 permisit
1397 871 1439 902 et
1468 860 1512 902 in
1544 860 1633 916 ejus

146 934 229 978 fide
264 947 398 979 totam
431 951 602 978 causam
635 936 870 992 reposuivv,
903 934 979 978 sub
1015 934 1168 978 umbra
1199 937 1304 979 tanti
1341 935 1478 978 auxilii
1511 935 1636 979 lateat

146 1023 187 1054 et
219 1013 403 1069 quiescat
434 1028 442 1054 :
481 1024 527 1055 ut
556 1011 654 1065 Dei,
689 1012 748 1054 sic
789 1012 960 1055 Amoris
992 1012 1238 1068 injustitiam
1271 1011 1457 1055 humana
1491 1025 1634 1056 mente

144 1087 371 1146 complecti
404 1087 535 1131 nefas.
575 1089 643 1131 Sic
673 1087 1089 1145 argumentabantur,
1126 1087 1201 1131 hac
1236 1088 1477 1131 firmissima
1504 1089 1636 1132 ratio-

144 1164 357 1207 cinatione
385 1165 615 1222 pessimam
642 1164 860 1207 miseriam
887 1163 1218 1207 consolabantur
1248 1166 1431 1222 majores
1457 1166 1592 1208 nostri
1622 1181 1631 1208 ε

149 1257 170 1280 «
199 1241 389 1284 Domina
412 1256 506 1284 mea
532 1239 720 1298 prudens
742 1252 828 1294 est3
856 1242 990 1284 Amor
1017 1242 1228 1294 sincerus;
1259 1257 1338 1298 ego
1366 1254 1524 1295 autem,
1557 1257 1634 1299 pro

145 1317 255 1361 virili
275 1330 390 1375 parte
412 1333 506 1360 mea
522 1316 650 1361 fidus.
674 1318 782 1373 Ergo
804 1329 1069 1374 praesentem
1089 1316 1381 1361 infelicitatem
1402 1317 1527 1361 flocci
1548 1334 1636 1361 non

149 1394 258 1437 facio
283 1408 291 1434 ε
309 1410 410 1437 nam
429 1393 669 1437 mercedem
692 1395 929 1437 necessario
949 1394 1153 1451 accipiam
1170 1400 1198 1437 ⁵.
1224 1410 1244 1433 ›>
1262 1394 1372 1448 Imo‚
1393 1396 1529 1437 Amor
1547 1394 1638 1437 duci

198 1517 227 1540 1.
255 1506 384 1547 Adam,
407 1506 486 1548 XII,
507 1517 540 1551 p.
566 1514 619 1548 50.
644 1519 660 1537 «
681 1505 750 1539 Car
769 1516 842 1539 mes
863 1505 997 1550 espoirs
1013 1513 1097 1539 vaut
1114 1505 1266 1539 d'autrui
1281 1504 1313 1540 Ie
1329 1506 1408 1552 jo'i'r.
1426 1519 1444 1538 »

194 1572 227 1597 2.
257 1562 387 1604 Adam,
410 1561 525 1603 XXX,
547 1573 580 1607 p.
610 1561 686 1596 116.
709 1561 757 1595 La
777 1571 957 1595 savereuse
981 1561 1050 1607 joie
1076 1582 1120 1586 -
1142 1561 1247 1596 C’om
1269 1573 1313 1596 ne
1333 1570 1417 1608 puet
1436 1570 1515 1607 trop
1535 1561 1636 1596 acha-

146 1626 198 1652 ter
216 1639 263 1644 —-
281 1618 335 1653 Ne
356 1617 512 1652 desirrer.

477 1682 571 1716 Pour
587 1693 653 1725 cou
670 1693 706 1716 se
725 1682 820 1728 j‘aim
837 1690 871 1716 et
887 1682 947 1727 jou
968 1692 1012 1716 ne
1031 1682 1083 1716 sui
1105 1683 1214 1724 ames,

477 1737 554 1773 N’ai
574 1748 634 1784 pas
653 1737 761 1772 talent
779 1748 846 1784 que
862 1748 955 1773 mete
976 1749 1020 1772 en
1037 1737 1220 1772 oubliance

479 1793 555 1828 Celi
573 1793 615 1828 de
636 1794 695 1840 qui
714 1794 811 1828 vient
832 1805 889 1828 ma
909 1794 1069 1838 jolivete's
1091 1806 1098 1828 :

479 1851 548 1885 Car
568 1850 650 1885 s’ele
670 1851 702 1895 ja
722 1851 853 1884 n’avoit
870 1861 951 1885 cuer
966 1862 1010 1885 ne
1026 1850 1216 1885 voeillance

476 1906 734 1940 D'amenuisier
751 1917 808 1940 ma
824 1907 893 1940 tres
910 1906 1022 1940 douce
1042 1917 1225 1952 grevance,

476 1961 511 1996 Si
532 1973 589 1996 me
609 1962 667 1996 doi
687 1962 747 2008 jou
766 1961 808 1996 de
826 1961 895 1996 fine
911 1973 1012 1996 arnor
1027 1961 1101 1996 loer
1123 1974 1130 1996 ε

479 2018 547 2052 Car
565 2029 626 2064 par
645 2018 668 2052 li
688 2019 719 2052 ai
739 2018 771 2052 le
792 2029 953 2052 savereus
971 2029 1137 2063 penset...
1156 2026 1253 2052 etc...

834 2074 1026 2119 (Robertus
1042 2074 1079 2108 de
1097 2074 1221 2116 Kastel,
1241 2074 1409 2118 Matzner,
1431 2087 1465 2121 p.
1486 2077 1566 2122 21.)

199 2154 228 2188 3.
479 2139 569 2174 Nuls
589 2150 632 2173 ne
651 2138 725 2173 doit
743 2139 883 2173 Amour
899 2139 1005 2173 servir
1021 2150 1066 2172 en
1085 2138 1254 2181 dotance3

479 2195 547 2230 Car
562 2207 581 2229 a
599 2195 748 2230 chascun
767 2203 844 2229 rent
860 2194 961 2230 selon
979 2206 1015 2229 sa
1033 2194 1200 2229 vaillance
1224 2206 1232 2240 3

478 2250 627 2286 Blondel
647 2263 667 2285 a
687 2250 729 2286 de
750 2259 842 2285 mort
859 2262 879 2285 a
897 2250 951 2285 vie
971 2250 1127 2285 conduit.

961 2306 1140 2352 (Blondel,
1157 2306 1274 2350 Brak.,
1297 2306 1435 2351 Chans.,
1467 2309 1518 2353 1.)

188 2384 223 2417 4.
567 2371 689 2406 Onkes
706 2383 749 2406 ne
766 2371 806 2406 fis
829 2383 848 2406 a
865 2371 994 2406 escient

573 2427 704 2462 Contre
725 2429 840 2462 Amor
856 2438 900 2462 ne
917 2438 978 2462 sen
995 2438 1039 2462 ne
1057 2426 1150 2469 solie,

575 2483 664 2517 Ainz
685 2484 736 2518 sui
756 2495 775 2518 a
795 2494 859 2518 son
879 2483 1204 2518 commandement.

1044 2539 1170 2584 (Gace,
1189 2538 1308 2582 Arch„
1325 2539 1510 2585 CXXIV.)

198 2598 229 2632 5.
253 2587 405 2633 Jacobus
424 2586 460 2620 cle
477 2586 590 2629 Cison‚
612 2586 779 2631 Mc'itzner,
807 2585 859 2620 16.
