1810 2903
198 240 247 299 3)
279 242 477 287 Tertium
508 241 750 299 exemplum
770 243 812 284 in
841 243 1025 285 carmine
1047 242 1162 300 quod
1182 243 1272 300 ipse
1298 243 1488 300 primum
1514 243 1624 301 typis

139 318 353 362 mandavit
373 317 483 376 (Car
505 334 561 361 me
576 318 801 372 conseillie's‚
818 318 981 373 Jehans,
1007 334 1043 361 se
1059 319 1186 362 Diem
1209 335 1274 362 vos
1293 319 1420 377 voit1)
1444 321 1627 377 Jeanroy

140 393 436 438 animadvertit
459 409 467 437 :
498 410 583 452 quo
610 407 751 438 autem
772 410 912 448 versu,
942 394 1126 438 indicare
1145 397 1306 439 omisit.

202 471 318 515 Cum
339 484 480 515 tamen
500 470 582 514 hoc
603 487 755 528 poema
776 473 1054 528 perscrutanti
1081 471 1222 515 nullus
1254 471 1503 516 obversetur
1525 472 1629 516 hen-

142 545 428 604 decasyllabus
456 549 529 605 qui
560 562 658 591 cum
686 547 831 605 regula
862 548 880 590 Ι
915 546 982 591 vel
1017 547 1055 590 II
1090 563 1178 591 non
1216 547 1338 605 plane
1373 550 1625 602 consentiat,

142 621 224 666 hoc
244 624 416 666 tertium
447 623 708 681 exemplum,
745 635 892 680 utpote
917 625 1057 676 inane,
1088 622 1283 668 diducere
1305 623 1462 668 licebit.
1494 625 1631 669 Num-

144 697 246 756 quid
281 711 422 742 autem
452 699 685 756 significant
713 698 861 757 reliqui
888 698 972 743 duo
1001 700 1175 743 versus?
1208 700 1391 743 Minime
1412 699 1627 757 equidem.

139 774 435 832 Imprudenter
496 777 611 819 enim
657 777 842 833 Jeanroy
899 775 1055 820 horum
1100 777 1340 819 carminum
1389 775 1620 820 editoribus

142 850 339 910 (Bartsch
360 865 399 894 et
418 851 627 909 Scheler)‚
652 851 839 895 confisus
860 863 923 895 est
947 865 955 891 ἰ
980 865 1157 910 uterque
1178 853 1309 905 enim,
1333 853 1629 909 impositarum

143 927 505 986 hendecasyllabis
557 928 800 985 regularum
855 929 1044 986 ignarus,
1086 940 1284 986 ratusque
1327 927 1457 972 hosce
1512 928 1628 972 locos

140 1004 370 1048 scribarum
398 1005 632 1048 temeritate
654 1003 817 1047 mendis
839 1005 1084 1062 inquinatos
1110 1004 1255 1057 fuisse,
1282 1004 1484 1049 lectiones
1511 1004 1624 1048 codi-

145 1096 259 1132 cum,
293 1096 536 1139 quanquam
565 1082 761 1139 optimas‚
806 1080 1007 1138 neglexit,
1050 1082 1338 1139 ancipitesque
1372 1082 1634 1139 suspiciones

145 1156 398 1216 easdemque
419 1173 565 1215 pravas
587 1159 630 1201 in
657 1169 820 1201 textum
846 1158 1017 1215 recepit.
1046 1158 1089 1201 Si
1111 1159 1223 1201 enim
1246 1171 1495 1215 apparatum
1517 1159 1636 1201 criti-

149 1258 246 1286 cum
282 1258 304 1285 a
331 1241 547 1286 Schelerio
570 1244 826 1287 instructum
850 1242 1096 1296 contuleris,
1121 1241 1432 1287 animadvertes
1459 1242 1637 1287 verbum

149 1319 199 1361 tel
220 1333 242 1360 a
262 1317 395 1361 scriba
422 1334 508 1362 non
530 1331 743 1363 exaratum
765 1318 911 1372 fuisse,
935 1317 1008 1361 sed
1034 1317 1084 1361 ab
1105 1318 1266 1361 editore
1291 1319 1421 1362 textui
1444 1317 1638 1362 additum

149 1393 304 1447 fuisse3
326 1394 415 1451 pari
441 1406 583 1437 autem
611 1395 786 1447 ratione,
820 1393 936 1452 quod
968 1392 1019 1437 ad
1046 1393 1227 1437 alterum
1260 1409 1428 1438 versum
1462 1407 1635 1452 spectat,

151 1471 194 1512 in
234 1469 379 1514 codice
421 1469 575 1527 legitur
621 1471 664 1514 di
696 1486 772 1528 pro
800 1470 926 1524 diras,
970 1486 1099 1528 quam
1141 1486 1313 1527 pravam
1352 1472 1640 1527 conjecturam

151 1546 391 1591 Bartschius
413 1547 557 1605 inique
584 1559 813 1604 auguratus
834 1559 910 1590 est.
942 1548 1032 1590 Hae
1051 1559 1149 1590 sunt
1175 1545 1374 1590 codicum
1400 1546 1603 1590 lectiones
1628 1563 1636 1589 :

296 1632 396 1675 Las!
428 1647 505 1689 por
526 1632 591 1675 coi
614 1647 684 1675 me
704 1630 778 1675 fait
803 1631 842 1675 la
862 1631 912 1675 be
937 1657 996 1662 ——
1017 1631 1056 1674 le
1083 1630 1168 1674 mal
1195 1632 1411 1675 sentir?...

302 1709 350 1753 Et
367 1709 401 1751 si
422 1724 492 1752 me
518 1708 559 1751 di
583 1724 605 1751 a
625 1708 713 1752 cele
739 1734 791 1739 —-
817 1709 889 1767 qui
916 1708 1000 1752 m'a
1022 1713 1205 1751 trai’s2...

214 1794 326 1838 Cum
357 1810 429 1838 eae
464 1793 665 1837 lectiones
700 1793 856 1851 regulis
884 1795 903 1837 Ι
928 1806 968 1837 et
994 1795 1031 1837 ΙΙ
1064 1793 1184 1852 plane
1219 1794 1490 1847 conveniant,
1530 1806 1644 1851 patet

153 1872 351 1928 Jeanroy,
375 1870 479 1914 dum
499 1872 664 1915 tertiam
685 1869 823 1928 legem
845 1870 1121 1929 excogitabat,
1149 1869 1464 1928 aliquantulum
1486 1886 1641 1914 somno

157 1946 383 1990 indulsisse
414 1961 422 1987 :

393 2029 702 2089 ...quandoque
718 2030 856 2074 bonus
871 2031 1072 2074 dormitat
1091 2032 1322 2074 Homerus.

215 2117 383 2161 Omnes
427 2116 593 2162 Nicolai
643 2131 790 2160 versus
832 2115 1019 2159 alterutri
1070 2115 1152 2173 legi
1191 2114 1465 2173 respondent,
1511 2115 1643 2158 tribus

155 2204 300 2236 tamen
322 2193 505 2249 exceptis
532 2191 599 2250 (1,
635 2206 702 2244 11,
733 2190 822 2249 17),
852 2206 958 2249 quos
985 2190 1173 2249 quidem,
1204 2207 1303 2234 cum
1334 2192 1462 2235 unico
1497 2191 1642 2235 codice

155 2270 238 2312 sint
256 2269 453 2311 asservati
473 2267 712 2326 eodemque
730 2268 873 2311 naevis
895 2269 1061 2324 saepius
1095 2280 1312 2324 corrupto,
1343 2266 1456 2311 haud
1478 2280 1638 2311 temere

156 2342 420 2386 emendares,

208 2481 236 2505 1.
267 2469 322 2505 Cf.
346 2469 391 2505 G.
414 2469 600 2516 Raynaud,
621 2468 778 2514 Bibliogr.
800 2469 851 2503 des
869 2468 995 2510 chaus„
1018 2477 1060 2502 n0
1081 2478 1181 2513 1775.

203 2537 236 2561 2.
265 2526 331 2560 Hic
346 2537 531 2560 caesuram
550 2525 658 2559 habes
675 2536 783 2571 quam
799 2524 943 2571 lyricam
963 2524 1096 2558 dicunt.
1118 2523 1174 2558 Cf.
1195 2523 1290 2558 hunc
1310 2523 1445 2558 Nicolai
1468 2535 1609 2559 versum
1630 2551 1637 2560 .

299 2582 394 2616 C’est
411 2581 492 2616 bien
508 2581 601 2615 drois
620 2592 688 2627 que
704 2581 774 2626 j'en
788 2579 861 2614 face
879 2600 922 2605 -
943 2591 979 2614 sa
996 2579 1146 2614 volente'.
