1810 2903
750 214 803 220 -
835 204 893 246 44
924 215 981 221 .-

507 281 595 332 Qui
620 281 715 325 bien
742 296 840 327 vuet
867 282 1065 328 d’Amors
1091 286 1188 342 joir,

657 358 700 401 Si
726 358 814 402 doit
839 359 961 403 sofrir

656 436 707 478 Et
733 436 967 481 endurer...

186 527 243 570 Ut
269 526 354 578 alii,
386 527 429 569 in
459 528 630 571 Amoris
656 527 740 571 fide
774 545 941 573 causam
968 531 1157 587 reposuit
1185 543 1335 584 totam,
1366 543 1412 575 ut
1437 545 1608 575 servum

129 600 262 655 decet,
287 604 403 659 cujus
424 602 623 647 dominus
649 606 931 661 patrocinium
958 606 1180 664 profitetur
1205 623 1213 649 :

481 697 563 740 Car
585 697 670 741 fine
690 700 845 742 Amors
872 715 939 742 me
966 699 1040 743 fait
1063 700 1223 744 cuidier

479 774 592 816 Bons
612 775 788 818 servises
809 790 860 818 ne
881 789 984 832 puet
1003 777 1127 833 perir.

188 866 400 924 Denique,
430 879 477 911 ut
500 867 583 920 alii,
614 868 826 912 interdum
854 868 905 912 ad
933 867 1271 927 desperationem
1299 869 1499 913 adductus
1527 881 1604 922 est,

130 943 248 998 quasi
268 943 312 984 in
334 958 385 986 eo
407 956 516 986 esset
535 956 581 987 ut
603 944 864 1001 aegritudine
889 957 1227 997 consumeretur,
1251 944 1430 1002 ideoque
1459 943 1610 988 humili

131 1030 254 1075 atque
293 1019 450 1062 insulsa
489 1036 593 1063 voce
628 1020 849 1065 dominam
883 1023 1017 1065 oravit
1057 1035 1103 1065 ut
1137 1021 1214 1064 sibi
1250 1021 1449 1064 arrideret
1483 1022 1608 1064 mise-

129 1108 306 1152 ramque
325 1095 456 1138 vitam
483 1096 686 1153 proferret
715 1113 724 1140 :

541 1191 604 1233 En
625 1205 728 1233 mon
749 1189 915 1236 descort
934 1206 1010 1234 vos
1032 1189 1204 1234 demant

542 1268 613 1310 Un
640 1268 695 1309 ris
721 1266 1094 1320 debonairement3

543 1343 640 1386 S’en
666 1346 796 1387 vivrai
817 1345 910 1402 plns
931 1345 1262 1401 longuement...

192 1435 311 1479 Nihil
339 1453 388 1479 ex
420 1437 484 1480 his
518 1453 692 1491 novum,
728 1438 834 1481 nihil
866 1454 955 1481 esse
982 1453 1146 1489 verum,
1178 1435 1431 1494 supersedeo
1457 1436 1608 1479 dicere.

192 1512 310 1556 Trita
353 1512 455 1556 haec
497 1526 609 1566 sunt,
654 1527 694 1557 et
737 1530 786 1557 ex
827 1514 927 1557 locis
968 1530 1144 1571 poeseos
1185 1513 1335 1570 lyricae
1371 1512 1612 1569 vulgaribus

133 1602 316 1646 sumpta,
347 1603 445 1633 nota
467 1592 686 1633 communi
711 1591 828 1648 quasi
848 1592 1025 1647 signata.
1050 1589 1170 1633 Nihil
1195 1589 1253 1632 illi
1280 1588 1437 1632 calores
1459 1586 1612 1631 fidibus

134 1667 353 1708 commissi
376 1666 590 1723 praebent,
620 1666 735 1724 quod
764 1682 851 1710 non
880 1679 1005 1724 queat
1037 1666 1142 1709 alius
1170 1665 1346 1723 quilibet
1371 1676 1510 1721 poeta,
1537 1679 1611 1706 seu

134 1740 247 1797 quod
266 1740 316 1784 ad
338 1743 582 1793 sententias,
609 1757 681 1786 seu
704 1744 829 1785 etiam
847 1742 961 1800 quod
982 1741 1032 1784 ad
1049 1741 1174 1784 verba
1195 1741 1358 1790 attinet,
1381 1738 1458 1782 sibi
1478 1737 1612 1781 vindi-

135 1832 242 1860 care.
277 1818 443 1861 Horum
475 1830 656 1874 quatuor
680 1818 745 1861 vel
773 1819 961 1876 quinque
994 1819 1229 1860 carminum
1263 1830 1613 1872 unumquemque

133 1908 303 1936 versum
323 1892 511 1936 versibus
532 1894 758 1936 simillimis
780 1894 896 1937 facile
917 1894 1117 1945 illustres,
1141 1908 1248 1950 quos
1267 1892 1316 1934 ab
1336 1891 1426 1934 aliis
1445 1891 1612 1947 provin-

134 1968 306 2012 cialibus
327 1969 537 2026 gallicisve
564 1971 697 2027 poetis
719 1969 901 2013 haurias.
926 1971 1016 2013 Nec
1037 1984 1187 2025 operae
1209 1969 1392 2025 pretium
1421 1979 1497 2019 est,
1527 1980 1612 2008 cre-

135 2042 206 2097 do,
257 2043 375 2101 plura
419 2044 611 2102 exempla
655 2044 815 2097 afferre,
861 2059 967 2102 quae
1012 2059 1101 2086 rem
1147 2043 1223 2085 hac
1259 2042 1353 2085 luce
1394 2041 1612 2084 clariorem

135 2118 473 2163 demonstratura
496 2122 593 2163 sint.

194 2197 340 2239 Unum
360 2198 457 2240 satis
478 2195 613 2239 habeo
636 2196 821 2253 proferre
840 2197 997 2248 locum,
1023 2196 1179 2238 mirum
1201 2192 1376 2252 quidem
1407 2209 1415 2235 :
1446 2208 1544 2235 nam
1565 2192 1614 2234 iis

136 2272 236 2329 ipsis
274 2272 464 2316 versibus
497 2272 651 2330 quibus
687 2285 811 2329 poeta
848 2284 992 2315 noster
1029 2272 1238 2328 privatum
1273 2268 1614 2326 peculiaremque

137 2363 310 2391 sensum
333 2350 565 2406 exprimere
592 2361 632 2392 et
658 2347 709 2391 de
735 2363 778 2391 se
804 2348 921 2390 fateri
947 2345 1128 2398 videtur,
1154 2345 1303 2388 dictata
1325 2355 1523 2387 recantat.

196 2425 380 2477 Etenim,
423 2440 550 2467 nemo
588 2437 649 2467 est
682 2425 754 2482 qui
785 2425 951 2479 ignoret
984 2423 1234 2465 innumeros
1264 2432 1406 2476 poetas
1438 2434 1460 2461 a
1492 2419 1615 2461 verni

138 2502 342 2556 temporis
369 2500 505 2544 reditu
534 2501 592 2543 sic
621 2499 840 2542 exordium
875 2497 1040 2541 duxisse
1076 2514 1084 2539 ε
1122 2513 1141 2536 «
1172 2497 1284 2538 Haec
1319 2495 1468 2546 cecini,
1499 2495 1612 2551 quia,

139 2576 414 2618 reviviscente
431 2588 593 2628 natura,
619 2576 872 2618 reviviscunt
892 2572 1018 2616 simul
1039 2572 1242 2615 amatoria
1259 2568 1411 2627 gaudia
1433 2583 1507 2611 nec
1529 2583 1615 2610 non
