1851 2949
235 321 328 365 Nec
366 334 475 376 opus
507 318 688 362 arduum
721 333 940 372 conamur,
975 333 1054 361 nec
1096 315 1275 359 omnino
1316 329 1478 358 novum
1512 330 1521 357 :
1562 328 1662 356 nam

175 396 279 439 haec
306 408 545 439 nostratum
570 394 803 452 lyricorum
832 394 981 452 placita
1009 395 1091 450 jam
1116 391 1255 450 plures
1280 389 1552 443 edisseruere,
1586 388 1662 432 sed

174 472 425 531 plerumque
456 472 668 516 detorsere
701 489 708 516 :
743 473 846 526 sive,
876 472 1104 529 incipiente
1137 483 1285 514 nostro
1314 467 1500 520 saeculo,
1540 466 1659 509 illam

175 549 226 594 de
247 565 392 593 amore
419 548 657 593 doctrinam
677 548 770 607 plus
789 563 924 607 aequo
951 547 1199 591 extulerunt
1226 558 1266 589 et
1286 545 1439 589 fucatis
1454 542 1665 587 coloribus

173 626 537 670 concinnaverunt
562 625 754 678 eruditi1‚
785 626 871 669 sive
892 626 1047 668 nostris
1070 621 1346 680 temporibus,
1377 620 1510 664 faceta
1527 620 1665 663 ironia

174 715 214 746 et
232 701 354 757 bella,
381 702 575 746 eamdem
597 703 639 745 in
662 701 840 746 ludibria
866 707 1128 745 verterunt2.

891 882 943 926 H.

230 1038 346 1082 Tota
372 1052 422 1080 ex
455 1035 671 1080 nonnullis
699 1036 911 1094 principiis
937 1035 1068 1092 lyrica
1094 1033 1223 1077 medii
1261 1034 1351 1076 aevi
1379 1034 1517 1090 poesis
1545 1047 1667 1075 cons-

172 1127 231 1160 tat
262 1127 302 1158 et
329 1112 484 1171 pendet
513 1129 521 1155 :
553 1112 624 1157 ubi
660 1113 848 1170 primum
876 1127 923 1155 ea
951 1110 1194 1169 primordia
1225 1122 1367 1153 mente
1404 1109 1565 1166 cepisti,
1605 1121 1668 1152 tot

170 1193 300 1246 varia,
333 1203 527 1250 quassata
553 1203 595 1234 et
624 1190 795 1248 disjecta
821 1203 1069 1248 argumenta
1092 1188 1345 1233 ordinantur
1373 1187 1536 1245 aliaque
1565 1201 1665 1229 cum

175 1269 265 1313 aliis
285 1280 529 1312 nectuntur.
554 1267 678 1318 Quae
696 1280 837 1311 autem
856 1280 953 1310 sunt
983 1267 1058 1310 ista
1092 1265 1329 1323 principia?

232 1345 398 1390 Scilicet
420 1359 541 1388 amor
567 1345 629 1388 vis
650 1357 712 1387 est
734 1343 944 1402 quaedam
970 1344 1014 1386 in
1043 1343 1229 1386 amantis
1251 1340 1422 1385 arbitrio
1449 1352 1489 1384 et
1514 1339 1665 1383 volun-

172 1435 256 1467 tate
283 1423 422 1466 insita.
457 1423 559 1467 Non
592 1421 642 1465 de
670 1420 925 1465 ineluctabili
956 1420 1023 1463 illa
1059 1421 1247 1477 potentia
1274 1420 1414 1476 agitur
1447 1432 1554 1475 quae
1601 1415 1670 1475 (ut

171 1498 283 1558 apud
307 1499 509 1543 Graeciae
540 1510 581 1542 et
613 1498 851 1542 Britanniae
878 1510 1022 1556 poetas
1050 1495 1177 1554 solet)
1208 1495 1293 1539 fato
1327 1507 1368 1538 et
1400 1495 1653 1537 necessitate

172 1578 216 1620 in
251 1588 399 1634 pectus
433 1574 614 1632 obrepit,
665 1576 860 1618 animum
891 1573 1053 1632 fatigat,
1096 1585 1233 1630 urget,
1273 1571 1475 1615 debellat.
1525 1571 1666 1614 Hosce

172 1652 396 1711 Sophoclis
436 1666 584 1695 versus
621 1650 762 1695 nullus
812 1664 1057 1695 nostrorum
1093 1649 1328 1708 lyricorum
1371 1647 1667 1701 intellexisset,

173 1729 333 1774 nedum
360 1728 619 1786 probavisset
646 1742 655 1768 ε

360 1822 500 1879 ’Έρως
518 1823 674 1866 ἀνίκατε
699 1826 844 1878 μάχαν,

360 1889 516 1946 ’Έρως,
547 1892 587 1941 ὃς
611 1895 649 1932 ἐν
672 1897 840 1945 κτήμασι
860 1894 1028 1941 πίπτεις,

381 1960 422 2008 ὃς
445 1963 483 2000 ἐν
507 1962 704 2011 μαλακαῖς
725 1966 904 2014 παρειαῖς

381 2028 552 2076 νεάνιδος
577 2031 811 2081 ἐννυχεύεις,

382 2101 511 2150 φειτᾷς
533 2092 827 2150 δ’ὺπερπόντιος
850 2097 888 2135 ἐν
914 2091 1190 2148 τάγρενόμεις
1213 2093 1368 2141 αὓλαῖς·

381 2164 444 2204 καὶ
470 2161 501 2203 σ’
526 2161 603 2203 οὔτ’
627 2160 826 2203 ἀθανάτων
853 2161 1012 2216 φύξιμος
1036 2162 1158 2210 εὒέεὶς

380 2227 467 2271 οὔθ’
492 2231 658 2284 ἁμερίων
686 2227 751 2270 ἐπ’
775 2228 1005 2284 ἀνθρώπων,
1031 2233 1048 2270 ὁ
1074 2226 1218 2283 δ’ἕχων
1246 2232 1432 2280 μέμηνεν.

385 2297 442 2338 Σὺ
470 2298 532 2338 καὶ
554 2299 708 2338 δικαίων
731 2295 885 2346 ἀδίκως

384 2368 524 2419 φρένας
543 2371 751 2420 παρασπᾷς
775 2366 835 2405 ἐπὶ
855 2364 1058 2421 λώὸᾳ·....

389 2434 597 2486 ...ἄμαχος
618 2431 693 2486 γὰρ
717 2435 892 2484 ἐμπαίζει
916 2434 1002 2480 θεὸς
1035 2429 1243 2485 ’Λφροὲίτα
1259 2428 1288 2469 3.

230 2568 243 2592 1
259 2584 266 2592 .
297 2558 347 2593 Ut
367 2558 593 2605 Raynouard.

227 2624 264 2649 2.
298 2614 386 2649 Pace
403 2614 505 2649 amici
523 2614 593 2649 mei
610 2613 761 2660 Jeanroy
787 2613 950 2649 dixerim.

233 2679 264 2714 3.
293 2669 434 2717 Antig.‚
455 2669 535 2715 781.
