1810 2903
786 177 1019 234 —93—

767 357 965 392 CARMEN
991 358 1039 391 IV

497 488 550 518 EN
582 487 676 527 MAI,
711 487 860 521 QUANT
892 487 931 516 LI
962 486 1301 518 ROSSIGNOLET...

211 603 289 637 Hoc
309 613 462 644 carmen,
483 602 520 636 in
537 603 640 636 unico
658 602 775 636 codice
795 602 978 636 conditum
998 601 1093 646 (Pb5,
1117 601 1155 636 Β.
1175 601 1222 636 N.
1247 599 1329 643 846,
1351 599 1380 634 f0
1403 609 1457 644 52,
1479 600 1546 645 v0),
1570 599 1641 635 edi-

166 658 214 693 dit
231 658 356 701 Tarbe',
376 658 614 693 Chansonniers
630 657 666 691 de
686 656 903 704 Champagne‚
927 669 961 703 p.
981 656 1038 692 86.

489 764 550 806 En
570 763 670 816 mai,
695 774 825 820 quant
847 762 876 805 li
902 761 1154 819 rossignolet

490 838 704 882 Chantent
722 838 805 881 cler
825 837 862 880 el
881 849 972 882 vert
993 836 1222 890 boissonet,

487 914 593 957 Lors
619 912 816 957 m'estuet
835 912 933 956 faire
952 928 1011 956 un
1029 911 1204 969 fiajolet,

489 1014 539 1020 -
569 990 611 1032 Si
633 988 671 1032 le
690 988 791 1032 ferai
815 987 921 1032 d’un
946 987 1144 1041 saucelet,
1172 1012 1231 1018 —

171 1080 188 1123 5
489 1064 609 1114 Qu‘il
635 1063 832 1108 rn’estuet
857 1063 1039 1107 d’amors
1064 1062 1226 1120 flajoler

489 1142 541 1183 Et
559 1139 750 1196 chapelet
771 1139 822 1183 de
841 1139 922 1183 flor
941 1152 1097 1196 pomer,

487 1216 571 1258 Por
591 1216 680 1257 moi
700 1214 871 1258 deduire
897 1227 938 1258 et
957 1214 1168 1272 deportes,

488 1290 677 1341 Qu'adees
703 1306 754 1334 ne
780 1290 866 1334 doit
886 1306 943 1334 on
969 1306 1042 1348 pas
1062 1304 1218 1333 muser.

893 1373 913 1395 ,ις

872 1410 933 1431 *aa

486 1459 711 1512 L'autrier,
735 1474 787 1502 en
813 1460 914 1512 mai,
938 1474 995 1503 un
1016 1459 1209 1512 matinet,

173 1551 224 1581 10
484 1535 812 1579 M'esveillerent
836 1534 866 1578 li
888 1534 1051 1587 oiselet,

489 1611 615 1655 S’alai
642 1611 775 1654 cuillir
795 1627 852 1654 un
879 1610 1073 1664 saucelet,

489 1688 531 1730 Si
559 1702 611 1729 en
635 1688 672 1729 ai
692 1686 764 1730 fait
784 1703 841 1730 un
860 1685 1037 1742 flatiolet.

484 1763 592 1805 Mais
613 1778 691 1805 nus
718 1761 827 1804 hons
853 1761 952 1804 n'en
973 1773 1073 1818 peut
1093 1760 1271 1818 flajoler,

481 1838 554 1881 S'il
575 1853 626 1880 ne
646 1837 719 1880 fait
740 1852 812 1894 par
837 1849 900 1880 tot
925 1853 948 1879 a
973 1836 1062 1879 loer

205 1966 426 2001 APPARATUS
446 1974 627 1999 CRITICUS.
649 1984 692 1989 —
712 1964 813 1998 Melos
831 1965 866 1997 in
883 1963 982 1998 codice
1001 1963 1145 2009 reperies.
1169 1982 1215 1987 —
1233 1963 1356 1996 Museti
1372 1973 1483 1997 nomen
1503 1963 1538 1996 in
1556 1962 1638 1997 codi-

157 2022 202 2056 cis
220 2022 364 2066 margine
383 2032 445 2054 non
459 2021 553 2066 prior
569 2031 683 2054 manus
706 2020 857 2062 inseruit,
881 2019 943 2060 sed,
967 2020 1088 2052 nostris
1108 2019 1311 2064 temporibus,
1330 2029 1445 2052 manus
1469 2019 1634 2053 recentior.

159 2097 203 2103 —
223 2076 268 2110 V.
295 2087 325 2118 1,
345 2087 379 2118 2,
399 2085 506 2122 quant
524 2075 547 2109 li
565 2076 744 2121 rossignoz
761 2075 887 2109 chante
908 2074 977 2109 cler
993 2085 1040 2108 ou
1060 2082 1135 2108 vert
1156 2074 1190 2107 b.
1212 2094 1256 2098 —
1275 2073 1319 2107 V.
1344 2083 1398 2115 12,
1421 2074 1449 2107 si
1467 2084 1511 2108 en
1527 2073 1557 2107 ai
1576 2072 1637 2107 fait

159 2143 209 2166 un
225 2131 284 2165 fait
305 2130 447 2166 flaiolet.
469 2150 513 2156 —
536 2131 581 2165 V.
607 2141 660 2176 13,
686 2131 773 2164 mais
794 2141 885 2164 nuns
909 2129 1014 2164 hons.
1039 2149 1085 2154 —
1104 2129 1148 2163 V.
1177 2137 1230 2171 14,
1253 2127 1306 2162 s’il
1329 2139 1373 2162 ne
1396 2128 1455 2162 fait
1476 2139 1537 2174 par
1558 2136 1636 2163 tout

159 2187 243 2221 loer.

202 2303 321 2336 INDEX
339 2311 561 2336 METRORUM.
582 2321 625 2326 —
650 2301 816 2346 Quinque
836 2300 1011 2345 strophae,
1034 2311 1122 2346 quae
1142 2299 1299 2345 singulae
1315 2307 1476 2334 constant
1494 2310 1534 2333 ex
1552 2307 1633 2333 octo

155 2358 310 2392 versibus
341 2365 420 2391 octo
434 2356 578 2402 syllabas
593 2356 812 2390 habentibus.
833 2357 915 2390 Duo
932 2355 1038 2389 iidem
1055 2366 1222 2389 versuum
1239 2355 1350 2389 exitus
1370 2355 1428 2399 (et,
1445 2355 1497 2398 er)
1514 2354 1632 2388 omni-

154 2413 218 2447 bus
243 2412 406 2446 carminis
434 2412 587 2445 versibus
613 2412 827 2445 conveniunt
850 2419 882 2445 et
907 2410 1045 2445 alternis
1066 2410 1199 2444 vicibus
1226 2410 1373 2444 catenati
1397 2410 1495 2454 (aaaa
1522 2409 1631 2454 bbbb)

153 2468 244 2502 inter
259 2478 295 2501 se
314 2475 520 2501 consonant.
539 2466 692 2501 Carmen
712 2475 860 2512 quatuor
881 2466 1066 2500 octonariis
1085 2473 1119 2499 et
1144 2465 1308 2500 consonis
1327 2465 1481 2499 versibus
1500 2463 1629 2510 (bbbb)

181 2522 340 2556 erficitur.

156 2534 177 2569 p
203 2596 247 2603 ——-
266 2576 311 2612 V.
336 2586 387 2619 14.
409 2576 565 2610 Verbum
580 2587 599 2609 a
616 2577 716 2622 (faire
729 2587 749 2610 a
765 2576 844 2619 loer)
862 2575 956 2622 quod
974 2575 1081 2611 scriba
1101 2575 1232 2618 omisit,
1252 2574 1351 2610 facile
1367 2573 1487 2620 adjeci.
