1810 2903
778 199 1039 230 —102—

752 366 951 402 CARMEN
999 367 1031 401 V

494 487 550 517 OR
581 487 708 516 VUEIL
738 486 935 517 CHANTER
967 487 1019 515 ET
1053 487 1308 516 SOLACIER...

210 617 288 652 Hoc
306 628 458 658 carmen,
480 616 575 663 quod
592 617 629 651 in
649 617 754 651 unico
767 616 931 651 bernensi
947 616 1064 651 codice
1079 617 1122 661 (B
1135 625 1160 659 ²,
1180 617 1209 651 f0
1231 627 1290 661 171
1316 618 1373 662 vo)
1391 618 1552 663 reperias,
1571 619 1643 654 edi-

165 672 290 707 derunt
309 671 553 714 Brakelmann,
581 671 721 714 Archiv,
744 671 814 707 vol.
841 672 965 714 XLIII,
986 683 1020 717 p.
1044 673 1125 714 280,
1150 680 1185 707 et
1204 671 1330 715 Tarbe‚
1353 673 1591 708 Chansonniers
1607 673 1644 708 de

167 728 385 773 Champagne,
402 738 437 773 p.
455 727 512 771 83.

488 842 555 887 Or
577 842 689 886 vueil
716 841 889 886 chanter
914 854 957 886 et
981 842 1155 886 solacier

488 919 539 961 Et
561 917 661 961 faire
687 918 768 975 joie
794 930 834 962 et
858 918 1105 970 renvoisier,

491 993 591 1043 Que
612 1008 665 1036 ne
686 993 744 1036 sai
765 994 799 1036 si
818 992 917 1036 loial
938 994 1110 1036 mestier
1133 1010 1142 1036 ε

489 1069 571 1112 Por
596 1084 642 1112 ce
668 1084 721 1112 ne
746 1067 785 1111 le
810 1068 921 1112 vueil
945 1070 982 1125 je
1008 1068 1180 1113 laissier.

173 1155 189 1198 5
612 1144 664 1187 Se
691 1159 762 1186 ma
781 1142 917 1187 douce
937 1144 1048 1187 amie

610 1219 692 1263 Cui
718 1220 757 1276 je
777 1234 830 1262 ne
858 1218 911 1262 he
937 1219 1021 1262 mie

607 1295 679 1338 Me
704 1306 804 1338 veut
827 1293 930 1337 faire
957 1300 1037 1346 aie,

609 1370 711 1413 Bien
737 1371 831 1427 puis
852 1369 1080 1427 esploitier.

611 1446 665 1488 Sa
689 1457 810 1502 grant
830 1445 1026 1489 cortoisie

175 1533 225 1563 10
611 1519 698 1563 M’a
718 1519 853 1564 rendu
876 1519 915 1563 la
933 1521 1016 1574 vie,

609 1596 718 1639 Mais
744 1611 847 1651 gens
873 1594 987 1653 plain
1014 1595 1179 1639 d'envie

609 1676 725 1719 M’en
752 1676 845 1720 font
869 1675 1087 1733 aloignier.

215 1803 434 1837 APPARATUS
457 1813 638 1838 CRITICUS.
667 1823 712 1828 —
736 1804 778 1837 In
806 1804 952 1849 margine
979 1816 986 1837 ι
1013 1803 1121 1838 colins
1148 1814 1279 1839 muzes‘
1304 1824 1350 1830 —
1369 1805 1414 1839 V.
1448 1815 1477 1847 1,
1504 1816 1543 1839 or
1567 1805 1650 1840 ueul

170 1858 324 1892 chanteir
343 1866 376 1892 et
391 1858 583 1893 soulaicier.
607 1879 649 1884 -
667 1859 709 1893 V.
733 1868 765 1901 2,
786 1859 997 1893 renuoixier.
1017 1879 1063 1884 —
1079 1859 1123 1893 V.
1150 1871 1182 1905 3,
1205 1860 1322 1895 ke...si
1342 1859 1462 1895 loiaul.
1485 1880 1531 1886 —
1547 1861 1591 1895 V.
1610 1871 1646 1903 4,

170 1923 232 1958 por
254 1924 314 1946 ceu
332 1924 376 1947 ne
392 1913 423 1946 le
443 1912 525 1947 ueul
545 1914 613 1947 ieu.
636 1933 682 1938 -—
702 1914 748 1949 V.
766 1913 801 1954 6,
826 1914 883 1948 hei
905 1914 986 1948 mie.
1011 1934 1054 1939 —
1074 1914 1118 1949 V.
1143 1925 1177 1960 7,
1200 1926 1258 1949 me
1280 1915 1360 1949 ueul
1378 1915 1616 1959 (Brakelmann
1638 1927 1647 1951 :

171 1968 300 2012 ueult.)
318 1988 360 1993 —
378 1968 422 2001 V.
446 1968 480 2010 8,
505 1968 583 2002 bien
603 1979 705 2013 peux.
726 1988 769 1993 —
789 1969 834 2002 V.
858 1979 912 2011 10,
935 1969 1020 2003 mait
1036 1969 1160 2005 rendu.
1176 1989 1223 1994 —
1238 1970 1284 2004 V.
1307 1981 1360 2011 11,
1382 1970 1474 2004 maix
1487 1979 1582 2016 gent.

216 2102 333 2136 INDEX
365 2111 585 2136 METRORUM.
624 2121 671 2127 —
701 2102 755 2135 De
790 2101 896 2147 hujus
924 2102 1086 2135 carminis
1115 2102 1257 2136 metrica
1286 2102 1421 2136 ratione
1454 2102 1650 2148 improvide

170 2157 299 2201 scripsit
330 2156 559 2190 Brakelmann
588 2156 749 2201 (Archiv,
781 2156 911 2198 XLIII,
945 2157 1049 2201 280),
1083 2157 1211 2202 quippe
1241 2157 1300 2202 qui
1333 2156 1466 2190 nullam
1496 2158 1649 2191 strictam

169 2211 393 2257 stropharum
413 2211 730 2246 conformationem
756 2211 791 2245 in
817 2212 885 2245 hoc
909 2220 1069 2256 poemate
1097 2212 1392 2246 animadverterit.
1420 2212 1512 2254 Imo,
1540 2211 1649 2258 rigida

170 2274 204 2300 et
228 2266 409 2300 artificiosa
430 2266 508 2312 lege
530 2277 648 2300 versus
675 2265 781 2300 simul
806 2274 1082 2311 componuntur,
1112 2278 1230 2312 quam,
1259 2267 1328 2300 hoc
1352 2266 1528 2301 schemate
1553 2266 1649 2312 adju-

169 2329 285 2364 vante,
308 2321 404 2355 facile
424 2321 600 2366 percipies.
625 2321 775 2365 Stropha
792 2321 887 2355 enim
905 2329 1041 2356 constat
1060 2333 1067 2355 :

222 2385 256 2410 10
275 2387 293 2410 e
310 2384 458 2422 quatuor
478 2376 641 2410 consonis
658 2376 845 2410 octonariis
862 2376 1044 2410 versibus':
1065 2387 1096 2418 cz,
1115 2387 1147 2418 a,
1165 2386 1197 2418 α,
1216 2387 1257 2419 α;

215 2439 253 2465 20
277 2442 318 2465 ex
335 2439 414 2465 octo
429 2431 587 2465 versibus
599 2431 723 2476 quinas
738 2431 946 2465 habentibus
966 2431 1126 2476 syllabas,
1141 2431 1188 2465 sic
1203 2430 1411 2466 consociatis
1426 2442 1433 2465 :
1449 2430 1538 2473 hbba,
1551 2430 1646 2473 bbba3

220 2495 255 2531 30
281 2497 299 2520 e
317 2494 466 2531 quatuor
486 2486 651 2520 consonis
669 2486 855 2520 octonariis
873 2486 1028 2520 versibus
1049 2499 1055 2520 :
1079 2498 1105 2527 c,
1123 2498 1149 2528 c,
1169 2497 1196 2527 c,
1219 2497 1245 2521 c.

217 2541 376 2586 Strophis
393 2542 527 2586 primae
546 2549 580 2575 et
603 2540 772 2575 secundae
795 2541 938 2574 eaedem
962 2549 1028 2574 tres
1048 2552 1218 2575 versuum
1245 2539 1417 2574 clausulae
1436 2540 1649 2574 conveniunt

169 2597 247 2642 (ier,
267 2598 306 2638 ie,
324 2597 396 2641 er);
417 2597 515 2631 tertia
534 2605 652 2632 autem
669 2596 810 2643 stropha
830 2604 1063 2631 consonantes
1079 2607 1181 2632 voces
1200 2596 1308 2630 variat
1329 2596 1386 2641 (is,
1404 2596 1446 2638 e'e,
1468 2594 1532 2640 er).
