1810 2903
134 265 287 295 somno
309 250 507 292 excitatus
528 247 710 304 salignas
729 244 891 289 fistulas
912 244 1042 295 vellit,
1076 261 1096 283 «
1131 243 1285 301 quibus
1312 244 1339 285 ii
1366 242 1444 285 soli
1468 241 1619 285 modu-

135 327 210 371 lari
236 327 388 378 sciunt,
419 325 492 383 qui
525 339 620 366 vere
645 334 804 366 amant.
843 338 864 361 »
891 319 990 374 Sed,
1019 333 1066 364 ut
1092 319 1207 363 idem
1227 319 1346 363 locus
1369 332 1446 372 est,
1474 317 1620 362 eadem

137 404 256 455 hora,
287 404 342 446 ita
371 401 474 444 aliae
496 415 713 458 personae,
737 398 840 442 aliae
869 413 950 440 res.
990 396 1112 440 Nihil
1150 396 1324 440 humani
1359 397 1401 438 in
1437 396 1488 438 iis
1518 410 1624 453 quae

138 480 216 525 sibi
251 479 415 522 videtur
447 490 486 521 et
516 475 657 520 audire
693 489 733 519 et
764 474 906 518 videre
945 491 952 516 :
993 473 1042 516 fit
1077 473 1115 516 ei
1157 472 1328 516 obviam
1364 488 1452 516 non
1488 471 1624 528 puella

139 573 236 601 cum
261 555 428 608 ovibus,
464 553 535 596 sed
567 553 740 611 agrestis
776 551 853 595 dea
893 549 1121 609 quaedam,
1156 549 1287 607 qualis
1321 550 1365 592 in
1399 560 1622 606 poetarum

139 634 315 678 somniis
336 644 406 675 aut
424 632 466 674 in
490 630 747 674 commentis
765 628 868 685 fingi
896 626 1017 671 solet.
1040 627 1162 669 Visio
1184 638 1261 678 est,
1287 640 1555 683 nequaquam
1574 625 1622 668 ad

142 711 362 754 veritatem
383 707 585 752 accedens
601 724 612 760 3
635 718 725 749 orat
746 721 860 758 eum,
897 716 945 749 ut
970 704 1047 748 sibi
1084 702 1224 747 fistula
1253 715 1391 746 canat.
1436 701 1555 745 Nihil
1583 704 1626 745 in

143 788 308 840 vestitu,
334 784 438 829 nihil
458 786 501 827 in
519 796 687 835 ornatu,
710 782 813 825 nihil
834 783 878 825 in
899 797 945 825 ea
964 782 1052 838 ipsa
1073 779 1187 839 quod
1207 780 1249 822 in
1272 779 1388 823 terris
1407 790 1598 822 cernatur
1616 795 1625 820 :

145 862 375 921 smaragdis
396 874 504 905 tecta
523 873 563 904 et
591 859 813 918 sapphiris,
846 859 985 912 nivea,
1011 873 1147 911 rosea,
1176 869 1268 901 toto
1290 871 1467 913 corpore
1493 855 1629 913 splen-

145 939 231 983 det.
257 937 382 983 Sedet
396 936 447 981 ad
466 949 673 989 rosetum,
697 934 831 992 fulget
857 946 903 977 ut
928 933 1108 977 Lucifer.
1133 934 1227 990 Ipse
1242 932 1351 976 hanc
1371 931 1628 988 contempla-

146 1029 226 1069 tur,
257 1027 297 1060 et
316 1015 443 1058 canit.
466 1015 643 1066 Interea,
668 1011 756 1055 dies
778 1010 953 1068 aufugit.
978 1011 1157 1054 Evanuit
1182 1008 1338 1067 puella,
1365 1024 1461 1066 rege
1489 1007 1631 1066 aliquo

148 1092 341 1137 fabuloso
363 1102 565 1149 prognata
575 1106 586 1143 3
611 1103 740 1147 quam
768 1089 844 1132 iste
868 1088 995 1130 miser
1020 1087 1213 1145 joculator
1245 1088 1287 1130 in
1314 1101 1434 1131 suam
1462 1098 1629 1144 porten-

150 1182 287 1214 tosam
312 1169 489 1227 patriam
505 1166 594 1210 vult
612 1166 744 1224 sequi.

210 1244 343 1297 Quod
383 1245 416 1288 si
454 1243 557 1287 haec
594 1254 760 1286 tantum
795 1253 991 1298 poemata
1021 1241 1211 1284 Musetus
1251 1239 1501 1296 scripsisset,
1535 1254 1632 1282 vere

154 1335 260 1365 esset
282 1332 420 1379 poeta.
441 1319 561 1363 Nihil
588 1331 649 1362 est
675 1319 806 1370 enim,
833 1315 949 1375 quod
984 1317 1130 1368 sciam,
1166 1316 1208 1358 in
1236 1315 1375 1373 lyricis
1399 1316 1512 1372 apud
1539 1330 1633 1366 nos,

154 1399 224 1442 illa
250 1410 398 1450 aetate,
435 1395 550 1454 quod
574 1410 671 1438 cum
705 1394 754 1437 iis
785 1391 1040 1436 carminibus
1067 1391 1271 1444 conferas,
1304 1392 1383 1434 nisi
1406 1389 1521 1449 quod
1543 1391 1639 1433 Bar-

155 1476 313 1520 tschius
349 1472 525 1526 edidit¹,
550 1473 709 1528 majore
741 1471 869 1513 etiam
902 1485 949 1512 ea
982 1484 1087 1526 quae
1122 1483 1328 1526 nusquam
1361 1479 1462 1511 sunt
1495 1468 1638 1510 animo

155 1550 418 1610 concipiendi
439 1549 630 1593 facultate
651 1546 1020 1598 commendatum,
1043 1561 1213 1589 carmen
1234 1545 1391 1588 scilicet
1405 1543 1508 1587 illud
1541 1561 1548 1586 :

482 1642 652 1694 Qu'uns
670 1640 819 1683 vilains
840 1655 892 1682 ne
914 1639 982 1682 fist
998 1640 1096 1691 mie,

482 1720 588 1762 Ainz
609 1717 650 1762 le
664 1717 731 1760 fist
758 1734 814 1760 un
832 1716 1063 1760 chevaliers

485 1797 565 1841 Soz
592 1794 754 1838 l’onbre
780 1793 884 1837 d’un
906 1793 1070 1845 olivier,

514 1874 639 1916 Entre
660 1871 719 1914 les
743 1871 838 1914 braz
865 1871 1026 1914 s’amie.

220 1971 300 2013 Hic
326 1984 494 2027 quoque
517 1979 641 2025 poeta
660 1966 870 2023 virginem
892 1965 999 2007 mira
1020 1965 1158 2021 specie
1183 1975 1384 2020 tanquam
1399 1962 1443 2004 in
1465 1961 1641 2004 somniis

160 2046 289 2098 videt,
312 2047 354 2088 in
382 2060 491 2103 equo
518 2042 756 2095 sedentem,
780 2040 975 2099 gladiolis
994 2056 1039 2084 ac
1066 2042 1202 2084 vernis
1224 2037 1400 2082 floribus
1427 2038 1643 2089 vestitam,

162 2137 352 2180 zonaque
372 2120 560 2173 frondea,
585 2135 708 2177 quae,
733 2118 1009 2162 humescente
1033 2128 1301 2174 tempestate,
1325 2114 1523 2157 virescit:

486 2240 543 2246 —
573 2213 686 2266 Bele‚
707 2212 810 2256 dont
836 2224 944 2255 estes
963 2225 1041 2254 vos
1059 2211 1166 2254 nee?

489 2317 545 2323 —-
579 2292 644 2334 De
670 2290 825 2333 France
847 2290 924 2341 sui,
948 2287 984 2330 la
1006 2287 1113 2339 loee,

488 2370 555 2412 Du
577 2367 669 2425 plus
690 2365 793 2410 haut
812 2379 990 2423 parage3

487 2446 534 2488 Li
552 2441 783 2501 rossignols
811 2454 872 2484 est
898 2456 999 2483 mon
1025 2441 1121 2497 pere

215 2587 242 2610 ι,
273 2576 311 2609 Β.
332 2576 439 2615 Rom,
463 2575 526 2615 283
549 2573 590 2607 cf.
613 2583 668 2619 29.
693 2582 747 2616 30,
773 2579 842 2615 30³.
