1810 2903
767 223 824 227 —
856 211 907 254 41
943 222 1001 227 -.

226 290 306 334 Hic
332 289 515 333 flebilem
543 290 693 333 hiemis
720 289 1047 347 descriptionem
1078 307 1086 333 :

489 385 638 434 Quant
657 384 686 426 li
713 383 822 427 dous
845 385 951 426 estes
973 383 1174 434 descline‚

490 461 589 510 Que
609 461 679 502 voi
698 459 803 516 palir
822 459 946 503 fuelle
974 472 1015 503 et
1034 459 1128 511 flor,

491 536 541 579 Et
565 535 594 579 li
619 549 711 580 tens
731 551 774 579 se
798 535 1037 580 deslumine
1053 544 1121 579 ¹...

223 630 448 687 Nusquam
475 629 650 686 quidem
678 645 825 672 manus
853 642 1038 672 extrema
1058 630 1251 682 accessit3
1272 630 1340 672 vix
1360 629 1507 686 primis
1531 628 1651 671 lineis

167 703 331 762 depicta
368 718 467 748 sunt
499 721 612 759 rura,
647 721 826 763 avesque
858 705 1031 763 garruli,
1074 704 1222 748 alauda
1252 705 1320 748 vel
1351 704 1550 762 fringilla‚
1585 703 1651 747 vel

166 780 365 824 silvestris
385 781 564 825 luscinia
584 797 692 839 quae
713 798 733 821 «
758 781 995 824 miserabile
1017 797 1188 824 carmen
1209 782 1391 837 integrat
1414 797 1453 833 »,
1476 780 1543 823 vel
1563 781 1652 823 vio-

164 857 264 899 laria
285 873 392 913 quae
415 858 562 900 oculos
583 857 768 910 solvunt,
793 870 835 900 et
856 859 991 914 prima
1011 857 1217 900 foliorum
1238 856 1418 910 luxuria,
1443 870 1482 900 et
1499 856 1651 899 floscu-

164 932 228 975 lus
255 933 299 974 in
326 933 416 975 alba
442 934 561 990 spina
591 933 827 986 dehiscens,
862 946 903 976 et
932 933 1061 976 herba
1088 933 1206 989 aprili
1230 948 1323 976 rore
1351 931 1518 975 madida
1546 947 1652 990 quae

166 1008 241 1051 sub
261 1008 348 1051 sole
371 1008 490 1066 aprili
513 1009 707 1066 refulget.
741 1009 941 1052 Velocior
962 1008 1134 1067 quidem
1161 1008 1301 1065 lyricis
1333 1010 1486 1052 nostris
1512 1008 1588 1052 fuit
1607 1009 1651 1051 in

167 1083 377 1141 pingendo
401 1100 566 1137 manus,
597 1086 769 1142 segnior
796 1097 937 1128 autem
958 1087 1003 1127 in
1033 1083 1256 1128 sentiendo
1283 1086 1447 1127 animus
1477 1101 1485 1127 :
1519 1086 1562 1127 in
1586 1084 1651 1127 his

166 1173 306 1204 tamen
326 1161 483 1204 florum
505 1161 728 1214 fasciculis,
754 1162 934 1218 pristino
955 1177 1048 1204 rore
1067 1163 1219 1214 uvidis,
1242 1177 1378 1219 neque
1400 1162 1579 1204 omnino
1601 1160 1652 1203 ad

165 1236 420 1280 hodiernam
450 1236 563 1280 diem
590 1237 801 1291 marcidis,
833 1237 989 1296 aliquid
1018 1240 1115 1281 novi
1142 1237 1312 1280 odorari
1339 1237 1435 1280 licet
1463 1254 1471 1279 :
1498 1252 1652 1294 nempe

165 1329 264 1356 cum
299 1327 445 1356 natura
472 1315 762 1357 communicat
795 1327 933 1371 poeta,
971 1315 1091 1370 cujus
1125 1326 1285 1370 pectus,
1322 1330 1342 1353 «
1379 1314 1652 1356 reviviscente

164 1388 299 1440 lauro,
331 1388 457 1432 simul
490 1390 744 1442 reviviscit2,
781 1406 800 1429 >2
838 1404 1083 1433 senescente
1111 1405 1241 1442 anno,
1272 1391 1424 1446 pariter
1450 1390 1648 1432 senescit.

165 1465 388 1518 Hortulus,
429 1466 558 1518 rivus,
601 1465 789 1518 frondes,
835 1469 975 1509 avium
1015 1479 1263 1518 concentuS,
1307 1481 1436 1522 pauca
1478 1464 1651 1522 quidem

165 1540 267 1583 haec
308 1553 408 1584 sunt
443 1555 483 1585 et
525 1541 687 1599 pusilla.
728 1543 842 1585 Haec
882 1554 1022 1585 tamen
1071 1558 1216 1599 pauca,
1264 1542 1650 1600 quantulacumque

164 1616 239 1659 tibi
261 1615 470 1668 videntur,
502 1616 613 1674 apud
640 1631 744 1675 quot
777 1630 938 1675 poetas,
977 1618 1068 1661 aliis
1101 1618 1378 1675 temporibus,
1409 1633 1650 1676 quanquam

164 1692 370 1735 bonarum
402 1694 557 1736 artium
584 1694 778 1746 curiosis,
808 1693 1090 1737 desiderares!

226 1767 449 1826 Quidquid
474 1768 512 1812 id
535 1783 611 1823 est,
639 1771 976 1828 quibuscumque
1002 1771 1114 1813 vitiis
1136 1771 1372 1828 inquinata,
1394 1771 1460 1823 vel
1481 1770 1652 1828 quibus-

165 1860 345 1902 cumque
367 1843 536 1887 dotibus
564 1858 713 1888 ornata
739 1847 793 1888 sit
819 1846 949 1903 lyrica
976 1845 1105 1889 medii
1133 1848 1223 1889 aevi
1251 1848 1406 1903 poesis,
1438 1846 1506 1889 hic
1536 1863 1650 1889 sum-

166 1937 280 1963 mam
311 1935 352 1965 et
383 1923 604 1978 epitomen
632 1922 760 1966 habes
788 1937 1137 1980 argumentorum
1173 1939 1194 1966 a
1228 1923 1483 1967 nostratibus
1515 1925 1650 1981 poetis

163 1998 457 2054 repetitorum.

224 2073 394 2123 Quibus
432 2087 574 2117 autem
603 2076 738 2132 poetis
773 2076 877 2119 vitio
913 2074 1056 2119 datum
1090 2088 1151 2119 est
1186 2076 1301 2134 quod
1334 2077 1533 2120 omnium
1565 2092 1651 2119 car-

165 2151 280 2191 mina
307 2166 326 2189 «
350 2149 455 2192 adeo
476 2151 585 2193 inter
605 2166 648 2193 se
670 2151 823 2193 similia
843 2153 943 2206 sint,
970 2164 1016 2195 ut
1037 2153 1070 2194 si
1091 2152 1248 2210 aliquot
1268 2151 1433 2208 legem,
1457 2154 1651 2195 universa

164 2223 312 2280 legisse
354 2225 428 2268 tibi
472 2225 651 2269 videaris
692 2243 743 2281 »3
787 2242 903 2281 nam,
947 2230 979 2270 si
1016 2228 1226 2285 plerisque
1265 2227 1407 2271 credas
1455 2228 1646 2282 eruditis,

163 2299 329 2343 Radulfi
351 2301 664 2346 Suessionensis
686 2304 872 2347 carmina
900 2320 921 2347 a
948 2303 1188 2347 Theobaldi
1215 2305 1537 2361 Campaniensis
1565 2320 1650 2347 car-

165 2375 348 2419 minibus
375 2376 491 2420 uullo
512 2379 643 2421 modo
667 2379 937 2432 discerneres,
964 2381 1043 2423 nisi
1067 2379 1117 2423 ad
1140 2379 1369 2424 scribarum
1396 2379 1525 2424 fidem
1550 2396 1651 2424 con-

217 2523 244 2547 1.
273 2513 389 2554 Aah„
410 2513 607 2548 coxxni.

212 2577 244 2601 2.
274 2568 391 2610 Aah„
411 2569 567 2603 Lxxw.
