1810 2903
765 166 1000 208 -52-

469 250 604 304 Apres
631 248 818 290 mauvais
846 247 1012 303 seignor
1034 257 1165 288 troter
1196 257 1204 284 :

471 324 543 367 S‘il
566 324 694 367 heent
719 323 815 366 bien
837 337 939 365 mon
959 319 1209 372 demandet,

468 401 518 444 Et
539 402 593 457 je,
616 413 716 443 cent
731 412 843 452 tans,
872 398 938 442 lor
958 399 1115 442 refuser
1129 399 1160 440 !1

202 495 361 538 Nonne
388 493 492 537 haec
518 507 614 537 vere
628 493 754 549 digna
774 504 873 535 sunt
893 506 998 549 quae
1016 507 1039 534 a
1056 490 1280 534 Clemente
1295 491 1464 533 Maroto
1479 489 1631 546 scripta

145 571 353 614 fuissent?

203 649 354 704 Jocosa
374 646 546 705 quidem
568 658 682 699 sunt,
706 660 796 688 non
822 643 993 689 sordida
1019 661 1027 688 :
1061 645 1124 688 vis
1153 644 1199 687 in
1228 643 1292 686 his
1325 643 1518 700 epicurea
1552 653 1630 695 est,

146 740 254 768 vena
280 724 464 777 uberior,
495 721 729 780 eademque
751 723 1009 779 incorrupta.
1034 722 1144 778 Lege
1167 721 1292 764 etiam
1310 718 1414 763 illud
1433 718 1633 762 festivum

149 817 234 860 quo
256 817 386 859 pauca
409 813 508 844 sunt
533 801 577 843 in
604 799 687 842 hoc
710 800 865 842 scrinio
889 800 1132 841 venustiora
1156 814 1164 840 :

442 895 654 938 Encontre
680 892 718 936 le
742 906 833 936 tens
860 892 1045 936 novel...

211 1008 231 1031 «
268 990 416 1034 Omne
452 987 659 1046 gaudium
699 986 806 1030 mihi
831 986 949 1030 cordi
980 1000 1058 1040 est,
1089 988 1159 1037 ait,
1189 987 1275 1031 sive
1307 985 1427 1044 pueri
1453 983 1635 1042 puellae-

201 1133 230 1156 1.
252 1122 438 1167 Nusquam
454 1119 547 1166 apud
562 1118 667 1153 medii
680 1117 755 1152 aevi
772 1116 898 1163 lyricos
919 1116 1079 1163 ejusdem
1096 1117 1230 1163 generis
1245 1126 1388 1150 carmen
1403 1114 1490 1149 mihi
1508 1125 1634 1148 occur-

149 1179 203 1221 rit,
232 1189 304 1212 uno
325 1186 445 1211 tamen
466 1183 624 1221 excepto,
652 1173 831 1208 simillimo
860 1173 1016 1219 quidem,
1047 1173 1143 1219 quod
1165 1173 1320 1218 Jeanroy
1345 1171 1505 1218 princeps
1527 1170 1634 1205 edidit

150 1234 284 1280 (Orig.‚
297 1245 331 1279 p.
351 1242 411 1276 505
425 1233 453 1277 .)
468 1231 564 1266 Cum
577 1239 708 1273 autem,
728 1238 901 1264 asserente
919 1229 1122 1264 doctissimo
1134 1228 1195 1264 illo
1210 1230 1458 1265 artismetricae
1475 1230 1634 1264 aestima-

148 1300 237 1333 tore,
258 1289 438 1333 Nicolaus,
451 1287 546 1322 solus
566 1287 656 1320 inter
676 1285 782 1319 medii
804 1285 879 1319 aevi
895 1284 1034 1331 lyricos,
1060 1285 1153 1319 hanc
1171 1284 1453 1331 simplicissiman
1469 1285 1634 1332 stropha-

149 1362 229 1385 rum
245 1351 419 1384 rationem
447 1346 644 1382 adhibuerit
669 1346 780 1390 (aaaa,
803 1344 914 1389 bbbb)
938 1344 1084 1379 fortasse
1114 1345 1306 1379 sententiae
1332 1356 1352 1379 a
1371 1344 1526 1391 Jeanroy
1545 1344 1635 1379 latae

148 1406 328 1448 assenties,
351 1405 479 1451 quippe
493 1403 552 1450 qui
572 1402 640 1436 hoc
655 1412 796 1448 quoque
811 1412 952 1435 carmen
966 1410 1089 1447 poetae
1109 1410 1230 1436 nostro
1245 1401 1473 1448 adscripserit.
1496 1402 1542 1436 Hi
1554 1409 1636 1436 sunt

149 1465 192 1498 de
205 1463 332 1510 quibus
353 1462 467 1508 agitur
483 1458 642 1494 versiculi
665 1470 672 1492 :

436 1539 453 1557 «
481 1525 603 1565 Quant
620 1524 652 1570 ie
671 1523 728 1557 voi
748 1523 821 1557 iver
841 1531 1008 1566 retorner‚

433 1582 520 1616 Lors
536 1591 593 1615 me
610 1579 780 1614 voudroie
798 1578 968 1625 sejorner,

436 1638 480 1673 Se
499 1637 531 1683 je
548 1637 652 1683 pooie
672 1644 746 1670 oste
766 1644 881 1670 trover

434 1694 559 1739 Large,
580 1692 638 1738 qui
654 1702 699 1725 ne
718 1692 852 1725 vousist
865 1699 997 1732 comer,

434 1748 585 1790 Qu'ei‘ist
600 1759 682 1793 porc
700 1755 733 1781 et
752 1747 839 1781 buef
854 1755 887 1781 et
903 1755 1067 1788 mouton,

433 1804 608 1846 Maslarz²‚
628 1803 757 1838 faisanz
775 1811 809 1837 et
826 1803 1011 1843 venoison,

435 1862 577 1896 Grasses
596 1859 729 1906 gelines
743 1867 776 1893 et
793 1859 960 1905 chapons,

434 1918 476 1952 Et
495 1918 585 1951 bons
600 1916 776 1961 fromages
796 1926 841 1949 en
860 1915 978 1961 glaon.

433 1974 477 2008 Et
496 1972 528 2007 la
548 1973 650 2007 dame
667 1972 736 2006 fust
756 1973 901 2006 autressi

434 2029 597 2064 Cortoise
614 2039 716 2062 come
733 2027 757 2061 li
777 2028 898 2070 mariz,

435 2086 477 2120 Et
493 2094 574 2119 touz
591 2085 662 2130 jors
679 2084 755 2118 f'eist
768 2095 854 2118 mon
872 2084 976 2129 plesir

433 2142 520 2176 Nuit
536 2149 568 2174 et
587 2141 641 2185 jor
659 2139 819 2185 jusqu’au
835 2140 929 2173 mien
949 2139 1066 2184 partir,

434 2198 475 2232 Et
489 2196 513 2230 li
531 2197 649 2230 hostes
666 2196 748 2230 n’en
765 2194 835 2229 fust
856 2194 981 2240 jalous,
1010 2238 1013 2239 ⁷

433 2254 523 2286 Ainz
538 2263 628 2286 nous
642 2251 774 2285 laissast
795 2259 919 2285 sovent
939 2258 1019 2284 touz
1036 2261 1132 2291 sous,

431 2310 484 2343 Ne
497 2309 607 2342 seroie
628 2318 688 2352 pas
706 2307 853 2341 envious

431 2366 484 2399 De
503 2364 735 2398 chevauchier
750 2371 805 2396 toz
828 2363 1041 2407 besoignous

432 2422 544 2466 Apr'es
561 2420 716 2454 mauvais
738 2419 854 2464 prince
871 2417 1089 2463 angoissous.
1123 2430 1140 2447 n

188 2522 196 2538 1
230 2513 352 2545 Maslarz.
372 2511 488 2546 Jeanroy
507 2511 538 2535 ad
559 2509 638 2534 fidem
660 2509 757 2535 codicis
779 2509 901 2542 scripsit:
924 2516 986 2539 mas,
1002 2506 1063 2539 Iarz.
1085 2506 1126 2531 De
1146 2505 1243 2540 quibus
1262 2504 1406 2537 vocabulis,
1421 2505 1493 2529 miris
1513 2504 1633 2538 quidem,

149 2559 213 2583 dixit
233 2569 237 2583 ;
261 2569 273 2579 «
292 2557 324 2592 Je
345 2565 377 2580 ne
399 2555 556 2589 comprends
575 2563 620 2588 pas
642 2562 670 2578 ce
689 2559 745 2578 mot
761 2561 766 2577 :
788 2561 849 2577 mas.
866 2552 958 2576 Est-ce
976 2551 1064 2585 magis.
1083 2559 1118 2575 ou
1131 2557 1206 2575 notre
1224 2556 1281 2575 mot
1299 2554 1358 2574 mets
1376 2557 1411 2574 ou
1428 2556 1524 2574 encore
1537 2548 1562 2573 le
1577 2555 1634 2573 mot

150 2603 225 2633 mais,
240 2609 292 2635 que
306 2599 442 2633 Godefroy
456 2599 507 2624 cite
523 2606 582 2623 sans
596 2597 619 2622 le
632 2597 751 2622 traduire
771 2603 795 2621 et
815 2597 861 2630 qui
879 2596 960 2630 parait
975 2594 1091 2629 signifier
1102 2593 1215 2629 graisse?
1233 2605 1244 2616 n
1270 2608 1302 2612 —
1322 2593 1380 2618 Imo
1400 2592 1517 2627 intellige
1534 2603 1538 2618 :
1564 2601 1631 2617 mat-

150 2647 213 2679 Ῐπνῑ,
228 2645 325 2671 scilicet
340 2656 344 2670 2
361 2649 453 2668 amare>⁴
