<?xml version="1.0" encoding="UTF-8"?>
<!DOCTYPE html PUBLIC "-//W3C//DTD XHTML 1.0 Transitional//EN"
    "http://www.w3.org/TR/xhtml1/DTD/xhtml1-transitional.dtd">
<html xmlns="http://www.w3.org/1999/xhtml" xml:lang="en" lang="en">
 <head>
  <title>
</title>
<meta http-equiv="Content-Type" content="text/html;charset=utf-8" />
  <meta name='ocr-system' content='tesseract 3.04.00' />
  <meta name='ocr-capabilities' content='ocr_page ocr_carea ocr_par ocr_line ocrx_word'/>
</head>
<body>
  <div class='ocr_page' id='page_1' title='image "./denicolaomusetog00bduoft_0050.png"; bbox 0 0 1810 2903; ppageno 0'>
   <div class='ocr_carea' id='block_1_1' title="bbox 205 287 1692 1109">
    <p class='ocr_par' dir='ltr' id='par_1_1' title="bbox 205 287 1689 577">
     <span class='ocr_line' id='line_1_1' title="bbox 205 287 1689 348; baseline 0.001 -15"><span class='ocrx_word' id='word_1_1' title='bbox 205 287 405 348; x_wconf 86' lang='lat' dir='ltr'><strong>idemque</strong></span> <span class='ocrx_word' id='word_1_2' title='bbox 429 303 743 346; x_wconf 86' lang='lat' dir='ltr'><strong>argumentum,</strong></span> <span class='ocrx_word' id='word_1_3' title='bbox 771 291 998 335; x_wconf 83' lang='lat' dir='ltr'>sexcenties</span> <span class='ocrx_word' id='word_1_4' title='bbox 1024 291 1268 348; x_wconf 89' lang='lat' dir='ltr'>repetitum,</span> <span class='ocrx_word' id='word_1_5' title='bbox 1295 291 1523 334; x_wconf 82' lang='lat' dir='ltr'>sexcenties</span> <span class='ocrx_word' id='word_1_6' title='bbox 1546 306 1689 334; x_wconf 88' lang='lat' dir='ltr'>recan-</span> 
     </span>
     <span class='ocr_line' id='line_1_2' title="bbox 205 367 1689 425; baseline 0.001 -16"><span class='ocrx_word' id='word_1_7' title='bbox 205 378 331 419; x_wconf 87' lang='lat' dir='ltr'>tetur,</span> <span class='ocrx_word' id='word_1_8' title='bbox 366 381 509 410; x_wconf 90' lang='lat' dir='ltr'>nonne</span> <span class='ocrx_word' id='word_1_9' title='bbox 536 379 649 424; x_wconf 91' lang='lat' dir='ltr'>patet</span> <span class='ocrx_word' id='word_1_10' title='bbox 677 379 858 424; x_wconf 85' lang='lat' dir='ltr'>agrestes</span> <span class='ocrx_word' id='word_1_11' title='bbox 884 382 1054 425; x_wconf 91' lang='lat' dir='ltr'>quoque</span> <span class='ocrx_word' id='word_1_12' title='bbox 1080 379 1225 424; x_wconf 89' lang='lat' dir='ltr'>poetas</span> <span class='ocrx_word' id='word_1_13' title='bbox 1250 382 1336 410; x_wconf 90' lang='lat' dir='ltr'>non</span> <span class='ocrx_word' id='word_1_14' title='bbox 1360 367 1595 411; x_wconf 90' lang='lat' dir='ltr'>secundum</span> <span class='ocrx_word' id='word_1_15' title='bbox 1616 382 1689 410; x_wconf 91' lang='lat' dir='ltr'>na-</span> 
     </span>
     <span class='ocr_line' id='line_1_3' title="bbox 205 441 1686 497; baseline 0.001 -12"><span class='ocrx_word' id='word_1_16' title='bbox 205 455 358 496; x_wconf 83' lang='lat' dir='ltr'>turam,</span> <span class='ocrx_word' id='word_1_17' title='bbox 387 455 434 486; x_wconf 93' lang='lat' dir='ltr'>ut</span> <span class='ocrx_word' id='word_1_18' title='bbox 453 458 566 497; x_wconf 80' lang='lat' dir='ltr'>aves,</span> <span class='ocrx_word' id='word_1_19' title='bbox 596 458 762 496; x_wconf 87' lang='lat' dir='ltr'>canere,</span> <span class='ocrx_word' id='word_1_20' title='bbox 793 443 865 486; x_wconf 89' lang='lat' dir='ltr'>sed</span> <span class='ocrx_word' id='word_1_21' title='bbox 896 459 1148 487; x_wconf 89' lang='lat' dir='ltr'>communes</span> <span class='ocrx_word' id='word_1_22' title='bbox 1175 443 1292 487; x_wconf 91' lang='lat' dir='ltr'>locos</span> <span class='ocrx_word' id='word_1_23' title='bbox 1319 442 1540 487; x_wconf 86' lang='lat' dir='ltr'>dictitare?</span> <span class='ocrx_word' id='word_1_24' title='bbox 1565 441 1686 487; x_wconf 92' lang='lat' dir='ltr'>Adeo</span> 
     </span>
     <span class='ocr_line' id='line_1_4' title="bbox 206 518 1325 577; baseline 0.001 -16"><span class='ocrx_word' id='word_1_25' title='bbox 206 519 361 562; x_wconf 89' lang='lat' dir='ltr'>rustica</span> <span class='ocrx_word' id='word_1_26' title='bbox 380 520 469 577; x_wconf 88' lang='lat' dir='ltr'>ipsa</span> <span class='ocrx_word' id='word_1_27' title='bbox 492 520 630 576; x_wconf 89' lang='lat' dir='ltr'>poesis</span> <span class='ocrx_word' id='word_1_28' title='bbox 651 534 740 562; x_wconf 92' lang='lat' dir='ltr'>non</span> <span class='ocrx_word' id='word_1_29' title='bbox 760 519 959 563; x_wconf 88' lang='lat' dir='ltr'>naturalis</span> <span class='ocrx_word' id='word_1_30' title='bbox 979 532 1056 573; x_wconf 86' lang='lat' dir='ltr'>est,</span> <span class='ocrx_word' id='word_1_31' title='bbox 1084 518 1157 562; x_wconf 90' lang='lat' dir='ltr'>sed</span> <span class='ocrx_word' id='word_1_32' title='bbox 1178 519 1325 563; x_wconf 88' lang='lat' dir='ltr'>civilis.</span> 
     </span>
    </p>

    <p class='ocr_par' dir='ltr' id='par_1_2' title="bbox 205 594 1692 1109">
     <span class='ocr_line' id='line_1_5' title="bbox 267 594 1690 654; baseline 0 -16"><span class='ocrx_word' id='word_1_33' title='bbox 267 595 391 644; x_wconf 85' lang='lat' dir='ltr'>Quae</span> <span class='ocrx_word' id='word_1_34' title='bbox 426 610 524 638; x_wconf 91' lang='lat' dir='ltr'>cum</span> <span class='ocrx_word' id='word_1_35' title='bbox 556 596 613 638; x_wconf 90' lang='lat' dir='ltr'>ita</span> <span class='ocrx_word' id='word_1_36' title='bbox 644 596 742 649; x_wconf 83' lang='lat' dir='ltr'>sint,</span> <span class='ocrx_word' id='word_1_37' title='bbox 785 594 1134 654; x_wconf 91' lang='lat' dir='ltr'>quandoquidem</span> <span class='ocrx_word' id='word_1_38' title='bbox 1165 597 1384 638; x_wconf 88' lang='lat' dir='ltr'>conventis</span> <span class='ocrx_word' id='word_1_39' title='bbox 1423 607 1586 639; x_wconf 91' lang='lat' dir='ltr'>constat</span> <span class='ocrx_word' id='word_1_40' title='bbox 1625 610 1690 638; x_wconf 89' lang='lat' dir='ltr'>ars</span> 
     </span>
     <span class='ocr_line' id='line_1_6' title="bbox 205 670 1691 729; baseline 0.001 -16"><span class='ocrx_word' id='word_1_41' title='bbox 205 670 416 728; x_wconf 87' lang='lat' dir='ltr'>quaelibet</span> <span class='ocrx_word' id='word_1_42' title='bbox 452 684 491 715; x_wconf 94' lang='lat' dir='ltr'>et</span> <span class='ocrx_word' id='word_1_43' title='bbox 528 672 737 729; x_wconf 81' lang='lat' dir='ltr'>imprimis</span> <span class='ocrx_word' id='word_1_44' title='bbox 770 671 899 729; x_wconf 88' lang='lat' dir='ltr'>lyrica</span> <span class='ocrx_word' id='word_1_45' title='bbox 934 673 1089 728; x_wconf 90' lang='lat' dir='ltr'>poesis,</span> <span class='ocrx_word' id='word_1_46' title='bbox 1128 687 1232 715; x_wconf 91' lang='lat' dir='ltr'>num</span> <span class='ocrx_word' id='word_1_47' title='bbox 1264 670 1371 715; x_wconf 90' lang='lat' dir='ltr'>adeo</span> <span class='ocrx_word' id='word_1_48' title='bbox 1403 671 1614 715; x_wconf 89' lang='lat' dir='ltr'>humilem</span> <span class='ocrx_word' id='word_1_49' title='bbox 1648 683 1691 715; x_wconf 90' lang='lat' dir='ltr'>et</span> 
     </span>
     <span class='ocr_line' id='line_1_7' title="bbox 206 746 1690 805; baseline 0.001 -17"><span class='ocrx_word' id='word_1_50' title='bbox 206 746 434 790; x_wconf 86' lang='lat' dir='ltr'>informem</span> <span class='ocrx_word' id='word_1_51' title='bbox 466 746 565 790; x_wconf 90' lang='lat' dir='ltr'>boni</span> <span class='ocrx_word' id='word_1_52' title='bbox 600 760 640 791; x_wconf 89' lang='lat' dir='ltr'>et</span> <span class='ocrx_word' id='word_1_53' title='bbox 670 747 832 804; x_wconf 87' lang='lat' dir='ltr'>pulchri</span> <span class='ocrx_word' id='word_1_54' title='bbox 867 748 1053 805; x_wconf 89' lang='lat' dir='ltr'>speciem</span> <span class='ocrx_word' id='word_1_55' title='bbox 1092 748 1237 790; x_wconf 91' lang='lat' dir='ltr'>animo</span> <span class='ocrx_word' id='word_1_56' title='bbox 1272 759 1443 791; x_wconf 89' lang='lat' dir='ltr'>tenuere</span> <span class='ocrx_word' id='word_1_57' title='bbox 1482 759 1690 791; x_wconf 89' lang='lat' dir='ltr'>nostrates</span> 
     </span>
     <span class='ocr_line' id='line_1_8' title="bbox 207 821 1688 881; baseline 0.001 -16"><span class='ocrx_word' id='word_1_58' title='bbox 207 821 336 865; x_wconf 89' lang='lat' dir='ltr'>medii</span> <span class='ocrx_word' id='word_1_59' title='bbox 364 824 453 866; x_wconf 85' lang='lat' dir='ltr'>aevi</span> <span class='ocrx_word' id='word_1_60' title='bbox 479 823 628 880; x_wconf 88' lang='lat' dir='ltr'>lyrici?</span> <span class='ocrx_word' id='word_1_61' title='bbox 655 824 791 877; x_wconf 90' lang='lat' dir='ltr'>Num,</span> <span class='ocrx_word' id='word_1_62' title='bbox 824 822 1025 881; x_wconf 84' lang='lat' dir='ltr'>dignitate</span> <span class='ocrx_word' id='word_1_63' title='bbox 1055 823 1222 877; x_wconf 88' lang='lat' dir='ltr'>saltem,</span> <span class='ocrx_word' id='word_1_64' title='bbox 1254 824 1441 867; x_wconf 90' lang='lat' dir='ltr'>romanis</span> <span class='ocrx_word' id='word_1_65' title='bbox 1469 823 1688 881; x_wconf 86' lang='lat' dir='ltr'>elegorum</span> 
     </span>
     <span class='ocr_line' id='line_1_9' title="bbox 207 897 1690 957; baseline 0.001 -16"><span class='ocrx_word' id='word_1_66' title='bbox 207 898 480 956; x_wconf 89' lang='lat' dir='ltr'>scriptoribus</span> <span class='ocrx_word' id='word_1_67' title='bbox 517 897 687 952; x_wconf 92' lang='lat' dir='ltr'>cedunt,</span> <span class='ocrx_word' id='word_1_68' title='bbox 726 901 928 957; x_wconf 89' lang='lat' dir='ltr'>epicureis</span> <span class='ocrx_word' id='word_1_69' title='bbox 957 899 1320 957; x_wconf 84' lang='lat' dir='ltr'>voluptariisque?</span> <span class='ocrx_word' id='word_1_70' title='bbox 1352 900 1472 944; x_wconf 90' lang='lat' dir='ltr'>Num</span> <span class='ocrx_word' id='word_1_71' title='bbox 1507 899 1690 956; x_wconf 90' lang='lat' dir='ltr'>superati</span> 
     </span>
     <span class='ocr_line' id='line_1_10' title="bbox 207 974 1686 1033; baseline 0.001 -16"><span class='ocrx_word' id='word_1_72' title='bbox 207 987 320 1028; x_wconf 92' lang='lat' dir='ltr'>sunt,</span> <span class='ocrx_word' id='word_1_73' title='bbox 347 974 462 1032; x_wconf 91' lang='lat' dir='ltr'>quod</span> <span class='ocrx_word' id='word_1_74' title='bbox 489 974 540 1018; x_wconf 91' lang='lat' dir='ltr'>ad</span> <span class='ocrx_word' id='word_1_75' title='bbox 555 990 759 1019; x_wconf 90' lang='lat' dir='ltr'>sensuum</span> <span class='ocrx_word' id='word_1_76' title='bbox 783 974 1047 1019; x_wconf 87' lang='lat' dir='ltr'>altitudinem</span> <span class='ocrx_word' id='word_1_77' title='bbox 1072 988 1245 1033; x_wconf 88' lang='lat' dir='ltr'>spectat,</span> <span class='ocrx_word' id='word_1_78' title='bbox 1262 976 1454 1019; x_wconf 88' lang='lat' dir='ltr'>arcessita</span> <span class='ocrx_word' id='word_1_79' title='bbox 1472 975 1686 1019; x_wconf 91' lang='lat' dir='ltr'>concinni-</span> 
     </span>
     <span class='ocr_line' id='line_1_11' title="bbox 206 1050 1692 1109; baseline 0.001 -16"><span class='ocrx_word' id='word_1_80' title='bbox 206 1062 288 1093; x_wconf 87' lang='lat' dir='ltr'>tate</span> <span class='ocrx_word' id='word_1_81' title='bbox 296 1064 383 1094; x_wconf 84' lang='lat' dir='ltr'>xv11</span> <span class='ocrx_word' id='word_1_82' title='bbox 397 1050 550 1095; x_wconf 89' lang='lat' dir='ltr'>saeculi</span> <span class='ocrx_word' id='word_1_83' title='bbox 561 1050 791 1108; x_wconf 89' lang='lat' dir='ltr'>lyricorum</span> <span class='ocrx_word' id='word_1_84' title='bbox 804 1064 845 1095; x_wconf 92' lang='lat' dir='ltr'>et</span> <span class='ocrx_word' id='word_1_85' title='bbox 856 1050 1004 1109; x_wconf 87' lang='lat' dir='ltr'>frigida</span> <span class='ocrx_word' id='word_1_86' title='bbox 1018 1051 1252 1096; x_wconf 89' lang='lat' dir='ltr'>urbanitate</span> <span class='ocrx_word' id='word_1_87' title='bbox 1265 1053 1282 1095; x_wconf 86' lang='lat'>?</span> <span class='ocrx_word' id='word_1_88' title='bbox 1294 1051 1361 1096; x_wconf 87' lang='lat' dir='ltr'>vel</span> <span class='ocrx_word' id='word_1_89' title='bbox 1375 1051 1560 1108; x_wconf 85' lang='lat' dir='ltr'>eleganti</span> <span class='ocrx_word' id='word_1_90' title='bbox 1571 1050 1692 1095; x_wconf 86' lang='lat' dir='ltr'>luxu-</span> 
     </span>
    </p>
   </div>
   <div class='ocr_carea' id='block_1_2' title="bbox 207 1126 1694 1255">
    <p class='ocr_par' dir='ltr' id='par_1_3' title="bbox 207 1126 1694 1255">
     <span class='ocr_line' id='line_1_12' title="bbox 207 1126 1694 1185; baseline 0.001 -16"><span class='ocrx_word' id='word_1_91' title='bbox 207 1127 267 1169; x_wconf 89' lang='lat' dir='ltr'>ria</span> <span class='ocrx_word' id='word_1_92' title='bbox 290 1126 339 1170; x_wconf 92' lang='lat' dir='ltr'>ab</span> <span class='ocrx_word' id='word_1_93' title='bbox 360 1140 462 1170; x_wconf 84' lang='lat' dir='ltr'>xv111</span> <span class='ocrx_word' id='word_1_94' title='bbox 482 1126 639 1170; x_wconf 90' lang='lat' dir='ltr'>saeculi</span> <span class='ocrx_word' id='word_1_95' title='bbox 663 1129 797 1184; x_wconf 89' lang='lat' dir='ltr'>poetis</span> <span class='ocrx_word' id='word_1_96' title='bbox 819 1128 1028 1185; x_wconf 87' lang='lat' dir='ltr'>appetita?</span> <span class='ocrx_word' id='word_1_97' title='bbox 1049 1128 1164 1180; x_wconf 92' lang='lat' dir='ltr'>Imo,</span> <span class='ocrx_word' id='word_1_98' title='bbox 1192 1143 1239 1170; x_wconf 92' lang='lat' dir='ltr'>ea</span> <span class='ocrx_word' id='word_1_99' title='bbox 1252 1127 1302 1171; x_wconf 91' lang='lat' dir='ltr'>de</span> <span class='ocrx_word' id='word_1_100' title='bbox 1326 1129 1486 1170; x_wconf 91' lang='lat' dir='ltr'>Amore</span> <span class='ocrx_word' id='word_1_101' title='bbox 1502 1127 1694 1171; x_wconf 88' lang='lat' dir='ltr'>doctrina</span> 
     </span>
     <span class='ocr_line' id='line_1_13' title="bbox 208 1196 1693 1255; baseline 0.001 -16"><span class='ocrx_word' id='word_1_102' title='bbox 208 1197 319 1239; x_wconf 89' lang='lat' dir='ltr'>inter</span> <span class='ocrx_word' id='word_1_103' title='bbox 347 1209 507 1239; x_wconf 90' lang='lat' dir='ltr'>ceteras</span> <span class='ocrx_word' id='word_1_104' title='bbox 545 1198 705 1240; x_wconf 90' lang='lat' dir='ltr'>eminet</span> <span class='ocrx_word' id='word_1_105' title='bbox 735 1213 842 1255; x_wconf 89' lang='lat' dir='ltr'>quae</span> <span class='ocrx_word' id='word_1_106' title='bbox 877 1196 1001 1240; x_wconf 92' lang='lat' dir='ltr'>docet</span> <span class='ocrx_word' id='word_1_107' title='bbox 1036 1212 1228 1240; x_wconf 90' lang='lat' dir='ltr'>amorem</span> <span class='ocrx_word' id='word_1_108' title='bbox 1263 1198 1307 1240; x_wconf 90' lang='lat' dir='ltr'>in</span> <span class='ocrx_word' id='word_1_109' title='bbox 1344 1196 1474 1240; x_wconf 89' lang='lat' dir='ltr'>libera</span> <span class='ocrx_word' id='word_1_110' title='bbox 1515 1198 1693 1241; x_wconf 90' lang='lat' dir='ltr'>amantis</span> 
     </span>
    </p>
   </div>
   <div class='ocr_carea' id='block_1_3' title="bbox 207 1272 1703 2681">
    <p class='ocr_par' dir='ltr' id='par_1_4' title="bbox 207 1272 1696 2304">
     <span class='ocr_line' id='line_1_14' title="bbox 208 1272 1692 1327; baseline 0.001 -12"><span class='ocrx_word' id='word_1_111' title='bbox 208 1272 425 1316; x_wconf 90' lang='lat' dir='ltr'>voluntate</span> <span class='ocrx_word' id='word_1_112' title='bbox 445 1272 641 1326; x_wconf 86' lang='lat' dir='ltr'>residere,</span> <span class='ocrx_word' id='word_1_113' title='bbox 671 1273 828 1316; x_wconf 87' lang='lat' dir='ltr'>scilicet</span> <span class='ocrx_word' id='word_1_114' title='bbox 851 1275 893 1316; x_wconf 90' lang='lat' dir='ltr'>in</span> <span class='ocrx_word' id='word_1_115' title='bbox 915 1272 1029 1316; x_wconf 90' lang='lat' dir='ltr'>cultu</span> <span class='ocrx_word' id='word_1_116' title='bbox 1054 1273 1103 1316; x_wconf 88' lang='lat' dir='ltr'>ab</span> <span class='ocrx_word' id='word_1_117' title='bbox 1125 1286 1293 1316; x_wconf 84' lang='lat' dir='ltr'>amante</span> <span class='ocrx_word' id='word_1_118' title='bbox 1319 1272 1520 1316; x_wconf 88' lang='lat' dir='ltr'>dominae</span> <span class='ocrx_word' id='word_1_119' title='bbox 1538 1272 1692 1327; x_wconf 90' lang='lat' dir='ltr'>dicato,</span> 
     </span>
     <span class='ocr_line' id='line_1_15' title="bbox 210 1348 1694 1407; baseline 0 -15"><span class='ocrx_word' id='word_1_120' title='bbox 210 1348 280 1393; x_wconf 87' lang='lat' dir='ltr'>ubi</span> <span class='ocrx_word' id='word_1_121' title='bbox 301 1348 532 1406; x_wconf 82' lang='lat' dir='ltr'>exploravit</span> <span class='ocrx_word' id='word_1_122' title='bbox 562 1348 632 1392; x_wconf 87' lang='lat' dir='ltr'>ille</span> <span class='ocrx_word' id='word_1_123' title='bbox 656 1365 783 1407; x_wconf 91' lang='lat' dir='ltr'>quam</span> <span class='ocrx_word' id='word_1_124' title='bbox 805 1350 857 1392; x_wconf 87' lang='lat' dir='ltr'>sit</span> <span class='ocrx_word' id='word_1_125' title='bbox 878 1348 987 1392; x_wconf 91' lang='lat' dir='ltr'>bona</span> <span class='ocrx_word' id='word_1_126' title='bbox 1010 1361 1050 1392; x_wconf 93' lang='lat' dir='ltr'>et</span> <span class='ocrx_word' id='word_1_127' title='bbox 1075 1350 1238 1392; x_wconf 89' lang='lat' dir='ltr'>sincera</span> <span class='ocrx_word' id='word_1_128' title='bbox 1250 1366 1261 1402; x_wconf 81' lang='lat'>3</span> <span class='ocrx_word' id='word_1_129' title='bbox 1287 1364 1333 1392; x_wconf 91' lang='lat' dir='ltr'>ea</span> <span class='ocrx_word' id='word_1_130' title='bbox 1352 1348 1480 1406; x_wconf 90' lang='lat' dir='ltr'>pollet</span> <span class='ocrx_word' id='word_1_131' title='bbox 1502 1348 1694 1392; x_wconf 89' lang='lat' dir='ltr'>doctrina</span> 
     </span>
     <span class='ocr_line' id='line_1_16' title="bbox 209 1424 1693 1482; baseline 0 -14"><span class='ocrx_word' id='word_1_132' title='bbox 209 1440 291 1482; x_wconf 92' lang='lat' dir='ltr'>qua</span> <span class='ocrx_word' id='word_1_133' title='bbox 316 1440 437 1468; x_wconf 89' lang='lat' dir='ltr'>amor</span> <span class='ocrx_word' id='word_1_134' title='bbox 456 1440 543 1468; x_wconf 91' lang='lat' dir='ltr'>non</span> <span class='ocrx_word' id='word_1_135' title='bbox 561 1426 605 1468; x_wconf 89' lang='lat' dir='ltr'>in</span> <span class='ocrx_word' id='word_1_136' title='bbox 624 1424 815 1469; x_wconf 89' lang='lat' dir='ltr'>laborum</span> <span class='ocrx_word' id='word_1_137' title='bbox 836 1425 1048 1479; x_wconf 87' lang='lat' dir='ltr'>mercede,</span> <span class='ocrx_word' id='word_1_138' title='bbox 1071 1424 1144 1468; x_wconf 87' lang='lat' dir='ltr'>sed</span> <span class='ocrx_word' id='word_1_139' title='bbox 1161 1426 1204 1468; x_wconf 94' lang='lat' dir='ltr'>in</span> <span class='ocrx_word' id='word_1_140' title='bbox 1225 1426 1325 1482; x_wconf 88' lang='lat' dir='ltr'>ipsis</span> <span class='ocrx_word' id='word_1_141' title='bbox 1343 1424 1552 1468; x_wconf 88' lang='lat' dir='ltr'>laboribus</span> <span class='ocrx_word' id='word_1_142' title='bbox 1570 1425 1693 1482; x_wconf 90' lang='lat' dir='ltr'>poni-</span> 
     </span>
     <span class='ocr_line' id='line_1_17' title="bbox 209 1499 1691 1558; baseline 0 -15"><span class='ocrx_word' id='word_1_143' title='bbox 209 1516 296 1544; x_wconf 89' lang='lat' dir='ltr'>non</span> <span class='ocrx_word' id='word_1_144' title='bbox 327 1502 371 1543; x_wconf 91' lang='lat' dir='ltr'>in</span> <span class='ocrx_word' id='word_1_145' title='bbox 404 1500 636 1557; x_wconf 85' lang='lat' dir='ltr'>voluptate,</span> <span class='ocrx_word' id='word_1_146' title='bbox 669 1500 743 1544; x_wconf 90' lang='lat' dir='ltr'>sed</span> <span class='ocrx_word' id='word_1_147' title='bbox 771 1503 812 1544; x_wconf 91' lang='lat' dir='ltr'>in</span> <span class='ocrx_word' id='word_1_148' title='bbox 841 1501 935 1558; x_wconf 89' lang='lat' dir='ltr'>ipso</span> <span class='ocrx_word' id='word_1_149' title='bbox 971 1500 1086 1544; x_wconf 85' lang='lat' dir='ltr'>cultu</span> <span class='ocrx_word' id='word_1_150' title='bbox 1123 1499 1358 1558; x_wconf 88' lang='lat' dir='ltr'>eodemque</span> <span class='ocrx_word' id='word_1_151' title='bbox 1392 1501 1604 1556; x_wconf 85' lang='lat' dir='ltr'>gratuit03</span> <span class='ocrx_word' id='word_1_152' title='bbox 1643 1515 1691 1543; x_wconf 92' lang='lat' dir='ltr'>ea</span> 
     </span>
     <span class='ocr_line' id='line_1_18' title="bbox 208 1576 1692 1636; baseline -0.002 -15"><span class='ocrx_word' id='word_1_153' title='bbox 208 1577 420 1636; x_wconf 87' lang='lat' dir='ltr'>praecellit</span> <span class='ocrx_word' id='word_1_154' title='bbox 439 1576 631 1621; x_wconf 90' lang='lat' dir='ltr'>doctrina</span> <span class='ocrx_word' id='word_1_155' title='bbox 657 1593 738 1635; x_wconf 90' lang='lat' dir='ltr'>qua</span> <span class='ocrx_word' id='word_1_156' title='bbox 761 1593 896 1631; x_wconf 87' lang='lat' dir='ltr'>amor,</span> <span class='ocrx_word' id='word_1_157' title='bbox 920 1579 1072 1635; x_wconf 88' lang='lat' dir='ltr'>cuique</span> <span class='ocrx_word' id='word_1_158' title='bbox 1095 1592 1171 1634; x_wconf 87' lang='lat' dir='ltr'>pro</span> <span class='ocrx_word' id='word_1_159' title='bbox 1195 1590 1282 1620; x_wconf 91' lang='lat' dir='ltr'>rata</span> <span class='ocrx_word' id='word_1_160' title='bbox 1302 1589 1417 1634; x_wconf 90' lang='lat' dir='ltr'>parte</span> <span class='ocrx_word' id='word_1_161' title='bbox 1438 1577 1692 1619; x_wconf 87' lang='lat' dir='ltr'>meritorum</span> 
     </span>
     <span class='ocr_line' id='line_1_19' title="bbox 208 1651 1693 1709; baseline -0.001 -13"><span class='ocrx_word' id='word_1_162' title='bbox 208 1653 404 1707; x_wconf 89' lang='lat' dir='ltr'>tributus,</span> <span class='ocrx_word' id='word_1_163' title='bbox 447 1654 650 1697; x_wconf 87' lang='lat' dir='ltr'>virtutum</span> <span class='ocrx_word' id='word_1_164' title='bbox 684 1653 778 1696; x_wconf 85' lang='lat' dir='ltr'>fons</span> <span class='ocrx_word' id='word_1_165' title='bbox 816 1653 992 1697; x_wconf 89' lang='lat' dir='ltr'>habetur</span> <span class='ocrx_word' id='word_1_166' title='bbox 1030 1667 1070 1696; x_wconf 89' lang='lat' dir='ltr'>et</span> <span class='ocrx_word' id='word_1_167' title='bbox 1105 1654 1377 1709; x_wconf 89' lang='lat' dir='ltr'>principium.</span> <span class='ocrx_word' id='word_1_168' title='bbox 1419 1653 1478 1695; x_wconf 89' lang='lat' dir='ltr'>Ea</span> <span class='ocrx_word' id='word_1_169' title='bbox 1516 1651 1693 1695; x_wconf 90' lang='lat' dir='ltr'>demum</span> 
     </span>
     <span class='ocr_line' id='line_1_20' title="bbox 210 1728 1696 1787; baseline -0.002 -14"><span class='ocrx_word' id='word_1_170' title='bbox 210 1728 402 1773; x_wconf 88' lang='lat' dir='ltr'>doctrina</span> <span class='ocrx_word' id='word_1_171' title='bbox 434 1745 522 1772; x_wconf 93' lang='lat' dir='ltr'>non</span> <span class='ocrx_word' id='word_1_172' title='bbox 556 1728 662 1772; x_wconf 90' lang='lat' dir='ltr'>adeo</span> <span class='ocrx_word' id='word_1_173' title='bbox 701 1729 846 1772; x_wconf 82' lang='lat' dir='ltr'>infelix</span> <span class='ocrx_word' id='word_1_174' title='bbox 882 1731 1106 1787; x_wconf 80' lang='lat' dir='ltr'>jejunaque</span> <span class='ocrx_word' id='word_1_175' title='bbox 1153 1744 1242 1772; x_wconf 88' lang='lat' dir='ltr'>esse</span> <span class='ocrx_word' id='word_1_176' title='bbox 1280 1728 1446 1772; x_wconf 87' lang='lat' dir='ltr'>videtur</span> <span class='ocrx_word' id='word_1_177' title='bbox 1483 1743 1606 1786; x_wconf 92' lang='lat' dir='ltr'>quae,</span> <span class='ocrx_word' id='word_1_178' title='bbox 1645 1743 1696 1771; x_wconf 87' lang='lat' dir='ltr'>ex</span> 
     </span>
     <span class='ocr_line' id='line_1_21' title="bbox 207 1805 1695 1863; baseline -0.001 -15"><span class='ocrx_word' id='word_1_179' title='bbox 207 1806 437 1863; x_wconf 89' lang='lat' dir='ltr'>Aquitania</span> <span class='ocrx_word' id='word_1_180' title='bbox 463 1806 652 1863; x_wconf 89' lang='lat' dir='ltr'>primum</span> <span class='ocrx_word' id='word_1_181' title='bbox 675 1805 803 1848; x_wconf 88' lang='lat' dir='ltr'>effusa</span> <span class='ocrx_word' id='word_1_182' title='bbox 831 1818 872 1848; x_wconf 91' lang='lat' dir='ltr'>et</span> <span class='ocrx_word' id='word_1_183' title='bbox 897 1820 969 1862; x_wconf 90' lang='lat' dir='ltr'>per</span> <span class='ocrx_word' id='word_1_184' title='bbox 984 1806 1179 1862; x_wconf 90' lang='lat' dir='ltr'>regiones</span> <span class='ocrx_word' id='word_1_185' title='bbox 1204 1817 1446 1862; x_wconf 89' lang='lat' dir='ltr'>propagata,</span> <span class='ocrx_word' id='word_1_186' title='bbox 1475 1816 1538 1848; x_wconf 92' lang='lat' dir='ltr'>tot</span> <span class='ocrx_word' id='word_1_187' title='bbox 1552 1815 1695 1861; x_wconf 91' lang='lat' dir='ltr'>poeta-</span> 
     </span>
     <span class='ocr_line' id='line_1_22' title="bbox 207 1879 1696 1938; baseline -0.001 -14"><span class='ocrx_word' id='word_1_188' title='bbox 207 1896 304 1924; x_wconf 90' lang='lat' dir='ltr'>rum</span> <span class='ocrx_word' id='word_1_189' title='bbox 330 1882 499 1938; x_wconf 88' lang='lat' dir='ltr'>agmina</span> <span class='ocrx_word' id='word_1_190' title='bbox 518 1883 716 1924; x_wconf 86' lang='lat' dir='ltr'>suscitare</span> <span class='ocrx_word' id='word_1_191' title='bbox 739 1881 883 1934; x_wconf 85' lang='lat' dir='ltr'>valuit,</span> <span class='ocrx_word' id='word_1_192' title='bbox 911 1884 998 1924; x_wconf 87' lang='lat' dir='ltr'>sive</span> <span class='ocrx_word' id='word_1_193' title='bbox 1025 1882 1069 1923; x_wconf 90' lang='lat' dir='ltr'>in</span> <span class='ocrx_word' id='word_1_194' title='bbox 1093 1880 1229 1924; x_wconf 88' lang='lat' dir='ltr'>Gallia</span> <span class='ocrx_word' id='word_1_195' title='bbox 1249 1879 1551 1923; x_wconf 88' lang='lat' dir='ltr'>Theobaldum</span> <span class='ocrx_word' id='word_1_196' title='bbox 1571 1879 1696 1922; x_wconf 90' lang='lat' dir='ltr'>Cam-</span> 
     </span>
     <span class='ocr_line' id='line_1_23' title="bbox 208 1953 1694 2015; baseline -0.001 -15"><span class='ocrx_word' id='word_1_197' title='bbox 208 1958 356 2014; x_wconf 89' lang='lat' dir='ltr'>paniae</span> <span class='ocrx_word' id='word_1_198' title='bbox 383 1958 587 2000; x_wconf 89' lang='lat' dir='ltr'>comitem</span> <span class='ocrx_word' id='word_1_199' title='bbox 611 1956 913 2015; x_wconf 90' lang='lat' dir='ltr'>Adamumque</span> <span class='ocrx_word' id='word_1_200' title='bbox 940 1956 1171 2000; x_wconf 88' lang='lat' dir='ltr'>Halensem</span> <span class='ocrx_word' id='word_1_201' title='bbox 1197 1957 1443 2014; x_wconf 83' lang='lat' dir='ltr'>respexeris,</span> <span class='ocrx_word' id='word_1_202' title='bbox 1470 1956 1556 1998; x_wconf 83' lang='lat' dir='ltr'>sive</span> <span class='ocrx_word' id='word_1_203' title='bbox 1585 1953 1694 2012; x_wconf 90' lang='lat' dir='ltr'>apud</span> 
     </span>
     <span class='ocr_line' id='line_1_24' title="bbox 210 2030 1695 2087; baseline -0.002 -11"><span class='ocrx_word' id='word_1_204' title='bbox 210 2033 448 2076; x_wconf 86' lang='lat' dir='ltr'>Germanos</span> <span class='ocrx_word' id='word_1_205' title='bbox 475 2033 712 2076; x_wconf 89' lang='lat' dir='ltr'>Henricum</span> <span class='ocrx_word' id='word_1_206' title='bbox 735 2048 808 2076; x_wconf 83' lang='lat' dir='ltr'>von</span> <span class='ocrx_word' id='word_1_207' title='bbox 836 2032 993 2075; x_wconf 81' lang='lat' dir='ltr'>Veldeke</span> <span class='ocrx_word' id='word_1_208' title='bbox 1021 2045 1061 2076; x_wconf 87' lang='lat' dir='ltr'>et</span> <span class='ocrx_word' id='word_1_209' title='bbox 1088 2031 1339 2076; x_wconf 86' lang='lat' dir='ltr'>Gualterum</span> <span class='ocrx_word' id='word_1_210' title='bbox 1365 2047 1440 2075; x_wconf 88' lang='lat' dir='ltr'>von</span> <span class='ocrx_word' id='word_1_211' title='bbox 1467 2031 1535 2073; x_wconf 85' lang='lat' dir='ltr'>der</span> <span class='ocrx_word' id='word_1_212' title='bbox 1561 2030 1695 2087; x_wconf 83' lang='lat' dir='ltr'>Vogel-</span> 
     </span>
     <span class='ocr_line' id='line_1_25' title="bbox 209 2105 1695 2165; baseline -0.002 -14"><span class='ocrx_word' id='word_1_213' title='bbox 209 2109 344 2161; x_wconf 81' lang='lat' dir='ltr'>weide,</span> <span class='ocrx_word' id='word_1_214' title='bbox 383 2110 471 2152; x_wconf 87' lang='lat' dir='ltr'>sive</span> <span class='ocrx_word' id='word_1_215' title='bbox 509 2110 551 2151; x_wconf 90' lang='lat' dir='ltr'>in</span> <span class='ocrx_word' id='word_1_216' title='bbox 590 2107 706 2152; x_wconf 91' lang='lat' dir='ltr'>Italia</span> <span class='ocrx_word' id='word_1_217' title='bbox 738 2109 992 2161; x_wconf 85' lang='lat' dir='ltr'>Petrarcam‚</span> <span class='ocrx_word' id='word_1_218' title='bbox 1025 2123 1135 2165; x_wconf 90' lang='lat' dir='ltr'>quae</span> <span class='ocrx_word' id='word_1_219' title='bbox 1170 2107 1353 2165; x_wconf 91' lang='lat' dir='ltr'>denique</span> <span class='ocrx_word' id='word_1_220' title='bbox 1385 2105 1594 2150; x_wconf 90' lang='lat' dir='ltr'>Ronsardi</span> <span class='ocrx_word' id='word_1_221' title='bbox 1628 2105 1695 2149; x_wconf 90' lang='lat' dir='ltr'>vel</span> 
     </span>
     <span class='ocr_line' id='line_1_26' title="bbox 211 2181 1696 2241; baseline -0.003 -14"><span class='ocrx_word' id='word_1_222' title='bbox 211 2185 337 2228; x_wconf 88' lang='lat' dir='ltr'>etiam</span> <span class='ocrx_word' id='word_1_223' title='bbox 368 2183 657 2240; x_wconf 87' lang='lat' dir='ltr'>Shakespearii</span> <span class='ocrx_word' id='word_1_224' title='bbox 691 2183 819 2241; x_wconf 88' lang='lat' dir='ltr'>lyrica</span> <span class='ocrx_word' id='word_1_225' title='bbox 846 2185 1033 2227; x_wconf 86' lang='lat' dir='ltr'>carmina</span> <span class='ocrx_word' id='word_1_226' title='bbox 1059 2183 1256 2227; x_wconf 85' lang='lat' dir='ltr'>ultimam</span> <span class='ocrx_word' id='word_1_227' title='bbox 1283 2181 1475 2225; x_wconf 91' lang='lat' dir='ltr'>sobolem</span> <span class='ocrx_word' id='word_1_228' title='bbox 1507 2196 1696 2238; x_wconf 85' lang='lat' dir='ltr'>procrea-</span> 
     </span>
     <span class='ocr_line' id='line_1_27' title="bbox 209 2262 286 2304; baseline 0.013 -1"><span class='ocrx_word' id='word_1_229' title='bbox 209 2262 286 2304; x_wconf 87' lang='lat' dir='ltr'>vit.</span> 
     </span>
    </p>

    <p class='ocr_par' dir='ltr' id='par_1_5' title="bbox 211 2332 1703 2545">
     <span class='ocr_line' id='line_1_28' title="bbox 271 2332 1703 2393; baseline -0.003 -13"><span class='ocrx_word' id='word_1_230' title='bbox 271 2337 398 2380; x_wconf 88' lang='lat' dir='ltr'>Hunc</span> <span class='ocrx_word' id='word_1_231' title='bbox 418 2349 560 2379; x_wconf 89' lang='lat' dir='ltr'>tamen</span> <span class='ocrx_word' id='word_1_232' title='bbox 587 2335 946 2393; x_wconf 87' lang='lat' dir='ltr'>pretiosissimum</span> <span class='ocrx_word' id='word_1_233' title='bbox 973 2350 1023 2377; x_wconf 92' lang='lat' dir='ltr'>ex</span> <span class='ocrx_word' id='word_1_234' title='bbox 1054 2334 1253 2377; x_wconf 89' lang='lat' dir='ltr'>amatoria</span> <span class='ocrx_word' id='word_1_235' title='bbox 1276 2332 1345 2376; x_wconf 89' lang='lat' dir='ltr'>illa</span> <span class='ocrx_word' id='word_1_236' title='bbox 1372 2333 1488 2389; x_wconf 90' lang='lat' dir='ltr'>poesi</span> <span class='ocrx_word' id='word_1_237' title='bbox 1516 2332 1703 2376; x_wconf 87' lang='lat' dir='ltr'>fructum</span> 
     </span>
     <span class='ocr_line' id='line_1_29' title="bbox 211 2407 1696 2470; baseline -0.004 -14"><span class='ocrx_word' id='word_1_238' title='bbox 211 2414 415 2470; x_wconf 89' lang='lat' dir='ltr'>cepimus,</span> <span class='ocrx_word' id='word_1_239' title='bbox 439 2411 598 2455; x_wconf 87' lang='lat' dir='ltr'>scilicet</span> <span class='ocrx_word' id='word_1_240' title='bbox 619 2410 750 2469; x_wconf 88' lang='lat' dir='ltr'>quod,</span> <span class='ocrx_word' id='word_1_241' title='bbox 778 2411 891 2453; x_wconf 90' lang='lat' dir='ltr'>viam</span> <span class='ocrx_word' id='word_1_242' title='bbox 912 2408 1190 2453; x_wconf 85' lang='lat' dir='ltr'>indicantibus</span> <span class='ocrx_word' id='word_1_243' title='bbox 1214 2408 1518 2453; x_wconf 86' lang='lat' dir='ltr'>vetustioribus</span> <span class='ocrx_word' id='word_1_244' title='bbox 1538 2407 1696 2465; x_wconf 88' lang='lat' dir='ltr'>lyricis,</span> 
     </span>
     <span class='ocr_line' id='line_1_30' title="bbox 211 2483 1692 2545; baseline -0.004 -15"><span class='ocrx_word' id='word_1_245' title='bbox 211 2487 260 2530; x_wconf 91' lang='lat' dir='ltr'>ad</span> <span class='ocrx_word' id='word_1_246' title='bbox 288 2485 575 2545; x_wconf 86' lang='lat' dir='ltr'>componendi</span> <span class='ocrx_word' id='word_1_247' title='bbox 602 2485 915 2544; x_wconf 85' lang='lat' dir='ltr'>eloquendique</span> <span class='ocrx_word' id='word_1_248' title='bbox 946 2498 1075 2528; x_wconf 90' lang='lat' dir='ltr'>artem</span> <span class='ocrx_word' id='word_1_249' title='bbox 1110 2485 1296 2541; x_wconf 86' lang='lat' dir='ltr'>primurn</span> <span class='ocrx_word' id='word_1_250' title='bbox 1328 2498 1474 2526; x_wconf 88' lang='lat' dir='ltr'>sumus</span> <span class='ocrx_word' id='word_1_251' title='bbox 1510 2483 1692 2525; x_wconf 88' lang='lat' dir='ltr'>excitati.</span> 
     </span>
    </p>

    <p class='ocr_par' dir='ltr' id='par_1_6' title="bbox 210 2560 1691 2681">
     <span class='ocr_line' id='line_1_31' title="bbox 270 2560 1691 2620; baseline -0.004 -14"><span class='ocrx_word' id='word_1_252' title='bbox 270 2562 400 2612; x_wconf 88' lang='lat' dir='ltr'>Quod</span> <span class='ocrx_word' id='word_1_253' title='bbox 436 2562 607 2620; x_wconf 91' lang='lat' dir='ltr'>quidem</span> <span class='ocrx_word' id='word_1_254' title='bbox 640 2561 744 2605; x_wconf 92' lang='lat' dir='ltr'>adeo</span> <span class='ocrx_word' id='word_1_255' title='bbox 777 2573 893 2618; x_wconf 86' lang='lat' dir='ltr'>paret</span> <span class='ocrx_word' id='word_1_256' title='bbox 929 2574 972 2604; x_wconf 92' lang='lat' dir='ltr'>ut</span> <span class='ocrx_word' id='word_1_257' title='bbox 1008 2561 1202 2603; x_wconf 90' lang='lat' dir='ltr'>insistere</span> <span class='ocrx_word' id='word_1_258' title='bbox 1240 2571 1281 2601; x_wconf 92' lang='lat' dir='ltr'>et</span> <span class='ocrx_word' id='word_1_259' title='bbox 1315 2560 1567 2602; x_wconf 89' lang='lat' dir='ltr'>commorari</span> <span class='ocrx_word' id='word_1_260' title='bbox 1604 2573 1691 2601; x_wconf 88' lang='lat' dir='ltr'>non</span> 
     </span>
     <span class='ocr_line' id='line_1_32' title="bbox 210 2636 369 2681; baseline -0.013 0"><span class='ocrx_word' id='word_1_261' title='bbox 210 2636 369 2681; x_wconf 90' lang='lat' dir='ltr'>deceat.</span> 
     </span>
    </p>
   </div>
  </div>
 </body>
</html>
