1851 2949
823 197 1055 240 ,Ῑὸ-

248 290 361 333 Cum
389 305 439 332 ex
467 288 598 333 altero
625 288 736 341 loco,
765 288 817 332 de
850 305 935 347 quo
961 305 1086 348 supra
1113 290 1317 345 diximus,
1348 304 1513 336 constet
1546 293 1678 337 Nico-

187 365 304 410 laum
325 367 369 409 in
390 365 661 409 orientalibus
680 365 838 409 Galliae
861 367 1090 424 provinciis
1111 380 1292 411 aetatem
1316 369 1465 425 egisse,
1487 370 1679 427 sequitur

187 455 233 487 ut
276 442 574 500 Lotharingiae
610 441 820 485 ducissam
858 441 922 485 his
961 443 1149 487 versibus
1185 445 1506 498 memoraverit,
1540 458 1604 499 et,
1640 446 1676 488 si

185 518 429 562 doctissimo
464 519 554 562 viro
594 520 639 561 P.
672 519 785 562 Paris
819 518 1061 573 credideris,
1097 518 1315 563 ducissam
1346 522 1505 578 Agnes,
1542 520 1676 564 filiam

185 593 425 638 Theobaldi
464 595 483 637 I
526 595 695 637 comitis
735 595 949 638 Barrensis
984 608 1024 638 et
1062 611 1238 639 uxorem
1274 598 1391 640 Ferri
1438 598 1490 640 H.
1529 597 1676 648 Quam

185 671 392 714 incertam
431 671 823 728 praesumptionem
864 686 1069 728 prospero
1108 687 1208 715 casu
1253 671 1531 730 comprobare
1567 673 1677 730 potis

185 763 281 791 sum
312 764 320 790 z
354 748 510 805 quippe
543 762 641 790 cum
675 746 877 790 Nicolaus
908 760 948 791 et
972 747 1152 803 Jacobus
1178 747 1353 807 quidam
1380 748 1675 792 Ambianensis

185 825 399 882 poeticum
451 835 665 866 certamen
708 822 876 866 alternis
919 823 1108 868 versibus
1158 826 1330 868 inierint
1379 824 1519 883 (quod
1569 825 1676 869 infra

184 899 314 953 edidi,
342 898 443 956 XI),
473 911 587 956 patet
613 898 764 942 indicia
786 915 893 957 quae
923 898 974 942 de
1002 901 1122 943 istius
1150 915 1298 958 poetae
1331 914 1522 959 ternpore
1549 901 1674 945 colle-

183 978 310 1035 geris,
351 977 516 1021 Nicolai
553 977 751 1034 tempori,
792 989 938 1034 utpote
971 976 1129 1033 Jacobo
1169 978 1445 1022 Ambianensi
1487 978 1673 1036 aequalis

182 1054 500 1111 familiarisque,
530 1054 685 1110 pariter
705 1054 948 1096 convenire.
977 1053 1100 1105 Quae
1124 1069 1222 1097 cum
1248 1055 1305 1097 ita
1326 1056 1424 1108 sint,
1447 1053 1512 1098 his
1528 1054 1673 1110 Jacobi

183 1131 481 1174 Ambianensis
504 1130 692 1173 versibus
712 1129 881 1172 attende
898 1137 908 1154 ¹
940 1147 948 1173 :

362 1224 552 1268 Chanter
579 1223 777 1267 m‘estuet
794 1236 924 1281 quant
945 1236 1137 1267 contesse
1164 1223 1279 1267 m'en
1305 1225 1452 1282 prie...

361 1302 582 1354 Contesse,
610 1316 662 1343 en
687 1315 762 1343 vos
788 1301 843 1343 ait
869 1312 961 1343 tant
987 1299 1106 1343 biens
1134 1300 1377 1344 honorance
1390 1299 1447 1359 [Ρ]

360 1379 440 1430 Ke,
467 1377 560 1420 s‘on
577 1377 736 1434 persoit
759 1376 819 1419 les
842 1375 1018 1429 honors,
1043 1376 1103 1420 les
1128 1376 1371 1431 vassiences,

361 1455 424 1497 En
450 1469 525 1497 vos
554 1453 675 1497 deust
703 1465 810 1496 estre
837 1468 994 1496 corone
1023 1453 1148 1496 assise
1179 1469 1187 1496 :

361 1531 487 1583 Mais,
514 1545 557 1573 se
585 1531 618 1572 si
639 1529 764 1582 n'est,
792 1529 829 1572 el
851 1528 930 1572 ciel
949 1545 1027 1573 vos
1045 1531 1126 1573 soit
1149 1530 1358 1588 promise!

358 1607 510 1660 Ferris,
540 1606 736 1649 c’Amors
759 1607 814 1650 ait
834 1605 932 1649 bien
956 1622 1007 1649 en
1034 1605 1371 1660 remembrance,

356 1683 466 1726 Tost
485 1682 633 1726 oblieis
655 1696 753 1726 tous
775 1683 896 1736 mals,
921 1695 1039 1727 toute
1059 1698 1323 1740 grevance...

238 1784 389 1842 Liquet
414 1782 528 1827 hunc
554 1784 668 1826 Ferri
694 1784 812 1826 istius
839 1784 1079 1827 comitissae
1109 1785 1336 1841 conjugem
1365 1782 1495 1827 fuisse
1527 1799 1535 1826 ε
1565 1798 1665 1826 nam

181 1875 281 1904 cum
301 1873 528 1918 utrumque
550 1874 635 1903 uno
657 1860 840 1903 carmine
866 1859 916 1903 ad
944 1875 1134 1903 amorem
1154 1859 1412 1914 hortaretur,
1444 1874 1666 1917 procacem

179 1936 233 1980 ob
262 1936 450 1993 linguam
478 1951 578 1979 sane
609 1951 793 1993 poenam
825 1937 1150 1980 commeruisset
1183 1935 1358 1979 humilis
1383 1936 1597 1993 joculator,
1631 1936 1665 1978 si

175 2012 284 2056 forte
320 2013 559 2056 comitissae
592 2012 803 2070 alienique
835 2012 912 2055 viri
949 2015 1124 2055 nomina
1162 2025 1318 2056 temere
1355 2012 1662 2069 conjunxisset.

178 2089 281 2132 Inde
308 2088 535 2133 verisimile
568 2087 707 2131 evadit
735 2088 961 2132 Nicolaum
990 2088 1281 2147 Jacobumque
1308 2086 1502 2131 eamdem
1527 2100 1665 2145 patro-

178 2182 278 2209 nam
310 2164 598 2218 celebravisse,
633 2180 811 2208 uxorem
840 2164 997 2208 scilicet
1025 2165 1139 2208 Ferri
1170 2163 1408 2221 cujusdam,
1442 2162 1665 2207 Lotharin-

177 2243 268 2300 giae
292 2241 456 2285 ducis2.

236 2319 349 2362 Inter
376 2313 675 2374 Lotharingiae
704 2316 847 2369 duces,
885 2317 1035 2359 ceteris
1064 2317 1298 2359 necessario
1325 2315 1544 2373 neglectis,
1574 2313 1662 2359 duo

178 2393 425 2452 respiciendi
446 2407 454 2433 :
480 2395 566 2437 sive
586 2394 698 2436 Ferri
719 2393 753 2446 I,
782 2394 868 2436 sive
888 2392 1001 2436 Ferri
1019 2393 1071 2435 II.

230 2534 259 2557 1.
291 2523 382 2557 Vide
402 2521 649 2563 Brakelrnann,
670 2521 808 2562 Archi-v,
832 2530 873 2555 no
893 2530 983 2555 cvn.

224 2589 256 2613 2.
287 2578 498 2614 Comitissae
534 2577 696 2624 quidem,
729 2587 801 2611 non
830 2577 986 2611 ducissae
1019 2575 1171 2621 Jacobus
1199 2576 1423 2611 Ameniensis
1443 2574 1559 2610 allusit
1587 2586 1594 2609 :
1624 2582 1659 2610 at

175 2636 309 2681 Agnes,
326 2635 501 2669 Barrensis
519 2634 710 2676 comitissa,
728 2632 993 2679 Lotharingiam
1008 2643 1080 2666 non
1098 2641 1179 2667 ante
1191 2643 1327 2666 annum
1342 2630 1513 2666 MCCVII
1528 2631 1656 2666 tenuit.
