1810 2903
149 222 310 281 (11‚2);
330 223 399 266 hic
417 224 612 279 envoixiez
624 221 769 275 habes,
790 221 876 266 illic
895 224 1123 266 renvoixies.
1150 224 1209 266 Ut
1230 222 1423 280 exempla
1450 222 1636 281 burgun-

148 299 261 342 diani
279 301 488 342 sermonis
508 298 713 342 nonnulla
731 314 820 342 uno
845 314 895 341 ex
916 301 1103 342 carmine
1127 298 1342 356 colligam,
1373 301 1418 342 in
1436 301 1515 343 VII
1535 316 1634 357 poe-

149 389 261 420 mate
281 376 433 434 legitur
456 393 464 420 :
488 377 601 420 drais
616 377 660 419 de
677 378 767 430 soie,
797 376 938 433 lairge,
960 378 1086 420 mairs
1100 376 1144 419 de
1164 377 1322 428 monoie,
1345 378 1428 418 neis
1448 375 1630 433 (natus),

145 454 205 496 ait
222 451 394 511 (habet),
415 453 495 506 lou,
520 452 623 496 boen.
642 453 845 496 Litteram
859 469 902 505 x,
921 468 1003 511 qua
1018 452 1271 511 plerumque
1290 469 1329 495 55
1348 452 1630 510 significatur,

145 530 312 586 saepius
334 527 528 572 adhibuit
553 528 690 572 scriba
709 528 816 573 ubis
831 528 1040 572 desideres
1064 527 1420 587 (mauaixe‚v0ixe,
1449 528 1634 586 plux...)

147 605 385 663 Scripturae
412 605 642 658 walanam,
669 606 828 659 essiant,
857 614 1068 659 sovant,...
1094 617 1135 649 et
1152 606 1417 662 joieusement,
1459 605 1636 649 dehonai-

145 690 343 724 rement...
368 696 441 738 per
465 682 578 724 vices
604 680 791 725 subeunt
810 690 839 724 ¹.

206 758 317 815 Ergo
332 756 638 815 philologicam
666 770 800 801 artem
827 758 1076 815 pravissime
1103 757 1174 801 ille
1202 770 1413 801 exerceret
1442 759 1514 816 qui
1545 773 1637 801 car-

148 835 266 876 mina
278 833 446 878 Nicolai
472 832 670 876 bernensi
692 832 836 878 codice
859 833 1008 877 tradita
1033 833 1169 877 aliena
1194 836 1272 878 ista
1295 848 1407 877 veste
1430 850 1517 877 non
1538 849 1635 892 spo-

147 910 282 962 liaret,
318 910 408 953 imo
447 922 590 953 autem
621 910 807 953 maxime
852 911 924 967 qui
955 926 1002 953 ea
1037 923 1249 968 poemata,
1286 926 1393 969 quae
1430 926 1636 968 prospero

148 1002 245 1029 casu
267 985 381 1029 hunc
412 985 566 1029 falsum
594 984 791 1029 habitum
812 1002 1034 1044 nunquam
1064 986 1312 1040 induerunt,
1345 985 1396 1029 ad
1424 986 1637 1044 exemplar

148 1061 365 1105 bernensis
397 1061 491 1105 libri
521 1061 787 1105 informaret.
818 1063 969 1105 Fateor
997 1061 1197 1120 equidem
1231 1079 1239 1105 :
1271 1078 1360 1106 non
1382 1078 1517 1120 aequo
1544 1064 1639 1105 ani-

147 1154 221 1182 mo
240 1139 407 1182 venusti
430 1151 577 1196 poetae
598 1140 733 1182 nostri
757 1138 926 1182 vultum
955 1138 1104 1182 talibus
1120 1138 1277 1183 artibus
1298 1139 1532 1183 efferarem.

208 1215 332 1265 Quae
360 1231 457 1258 cum
478 1216 536 1258 ita
558 1227 713 1267 essent,
744 1214 847 1272 quid
868 1219 1051 1258 restabat
1076 1216 1157 1258 nisi
1193 1227 1238 1258 ut
1268 1214 1460 1258 codicem
1489 1231 1636 1273 quem-

148 1290 244 1335 dam
263 1291 479 1349 eligerem,
505 1292 577 1349 qui
605 1292 836 1348 scripturae
862 1290 1051 1335 bonitate
1079 1303 1121 1334 et
1146 1293 1383 1335 constantia
1409 1291 1487 1335 sibi
1515 1307 1637 1350 prae—

147 1380 330 1411 stantem
362 1368 473 1410 inter
502 1379 664 1411 ceteros
692 1369 1004 1425 manuscriptos
1035 1367 1244 1411 adsereret
1273 1367 1451 1411 locum?
1491 1369 1636 1418 Quare

147 1459 248 1487 cum
275 1443 444 1487 nullum
465 1455 708 1501 suppeteret
729 1443 1057 1488 fundamentum
1087 1445 1315 1502 scripturae
1337 1445 1435 1488 satis
1461 1443 1635 1487 firmum

147 1533 188 1563 et
214 1519 264 1563 ab
289 1521 410 1563 omni
433 1521 677 1577 suspicione
699 1533 855 1572 tutum,
886 1521 1122 1578 principem
1143 1519 1295 1563 ducem
1324 1536 1453 1578 quem
1489 1535 1636 1578 seque-

147 1612 211 1639 rer
237 1595 343 1654 elegi
370 1597 610 1639 Parisinum
631 1595 825 1640 codicem
846 1598 895 1640 Pa
923 1598 1152 1654 signatum,
1179 1595 1251 1640 sed
1273 1598 1330 1640 ita
1356 1609 1496 1639 tamen
1523 1598 1636 1654 prin-

147 1674 284 1731 cipem
313 1685 360 1717 ut
384 1688 480 1716 eum
508 1673 725 1716 interdum
752 1672 944 1716 deserere
965 1689 1053 1716 non
1079 1673 1349 1726 dubitarem3
1374 1688 1473 1715 narn
1500 1689 1508 1715 ε

211 1748 274 1807 1⁰)
298 1749 476 1792 Parisini
497 1748 654 1792 codicis
681 1749 871 1792 librarius
886 1749 1107 1806 litteram(
1136 1750 1403 1794 strictissime
1427 1750 1635 1807 scriptita-

149 1827 207 1869 vit
228 1825 361 1884 (sanz,
385 1825 493 1881 braz,
524 1825 639 1882 bauz,
658 1827 812 1882 joianz,
847 1826 1065 1883 desouz...)
1089 1824 1188 1879 Sed,
1217 1838 1264 1869 ut
1291 1841 1415 1882 supra
1441 1823 1636 1868 animad-

145 1903 350 1946 vertimus
369 1901 496 1945 verba
515 1904 611 1960 pri(
632 1915 671 1946 et
697 1904 802 1946 amis
823 1902 1027 1946 eumdem
1050 1901 1161 1960 apud
1186 1902 1417 1946 Nicolaum
1446 1900 1636 1945 retulisse

145 1980 190 2022 in
215 1978 404 2023 cadendo
432 1995 605 2032 sonum,
635 1980 692 2023 ita
725 1981 978 2037 scripturam
1017 1980 1124 2033 bras,
1153 1994 1264 2033 sans,
1292 1979 1479 2022 desous...
1525 1994 1636 2022 rece-

146 2056 287 2114 pimus
314 2054 391 2113 (cf.
414 2071 540 2113 supra
567 2054 982 2099 animadversionem
1001 2055 1084 2114 V.)

206 2131 276 2190 20)
303 2133 563 2190 Quanquam
583 2133 628 2176 in
644 2133 837 2176 Parisino
858 2132 1004 2177 codice
1022 2146 1249 2177 occurrunt
1267 2133 1429 2176 formae
1441 2133 1533 2187 fere,
1541 2133 1633 2189 sete,

144 2210 212 2263 fet,
240 2210 424 2252 sieuvre'..
455 2244 465 2262 ‚
509 2210 754 2267 scripsimus
785 2211 906 2266 faire,
936 2211 1057 2268 faite,
1086 2211 1318 2253 sieuvrai...
1351 2208 1485 2267 (Vide
1515 2224 1638 2266 supra

148 2284 568 2329 animadversionem
595 2284 698 2343 IV.)

209 2361 276 2418 3⁰)
302 2363 549 2405 Promiscue
576 2361 773 2406 adhibuit
798 2363 979 2406 Parisini
1008 2378 1087 2406 ms.
1114 2362 1322 2416 librarius,
1368 2374 1413 2406 ut
1435 2360 1544 2419 apud
1572 2377 1637 2404 ae-

148 2438 292 2496 quales
306 2437 398 2481 fieri
420 2438 598 2492 solebat,
623 2440 848 2496 scripturas
865 2455 902 2493 0,
921 2456 964 2493 u,
981 2455 1028 2482 ou
1052 2456 1060 2482 :
1084 2455 1228 2492 comme,
1250 2440 1439 2492 mounoie,
1459 2438 1634 2495 gounele,

199 2559 230 2583 1.
259 2547 316 2583 Cf.
347 2549 438 2595 apud
465 2549 732 2596 Wackernagel,
762 2556 812 2596 op.
841 2550 950 2592 laud.,
973 2550 1016 2584 de
1044 2550 1113 2585 hoc
1141 2550 1258 2584 codice
1284 2549 1399 2596 plures
1419 2550 1638 2583 animadver-

148 2615 278 2640 slones.
