1851 2949
803 264 1038 306 „24-

237 345 369 388 Nullo
396 345 511 388 enim
529 344 660 388 modo
687 344 851 401 Ἔρωτα
878 348 1154 401 zaffari-,spx
1182 344 1348 388 coluere
1370 358 1531 389 veteres
1556 361 1661 389 nos-

178 422 230 465 tri
255 434 421 479 poetae,
448 436 525 465 nec
555 423 785 475 Venerem,
822 423 1057 464 immanem
1091 421 1207 464 illam
1241 420 1380 474 deam,
1417 438 1522 479 quae
1555 437 1663 465 nun-

177 513 305 555 quam
333 499 475 541 satiata
503 497 679 555 praedae
707 497 850 540 haeret
877 498 1034 540 innixa.
1080 498 1216 540 Amor
1253 496 1311 554 (si
1338 498 1492 540 nostris
1520 497 1664 541 credas

176 573 337 633 poetis)
373 575 601 632 propensio
637 586 700 617 est
731 573 956 631 quaedam,
986 586 1237 631 praepotens
1277 573 1465 630 quidem,
1503 575 1664 617 ratione

176 664 317 696 tamen
344 650 472 694 libere
505 663 691 708 accepta,
725 662 765 693 et
799 665 882 707 qua
920 648 973 692 ad
1008 649 1183 707 pulchra
1215 662 1256 692 et
1288 648 1398 692 bona
1434 649 1658 694 allicimur.

181 746 201 769 «
236 728 485 786 Nunquam,
503 728 558 770 ait
580 726 843 770 Christianus
861 726 1159 780 Tricassensis,
1182 738 1442 769 venenatum
1461 725 1662 783 poculum

179 805 299 848 hausi
333 819 417 861 quo
453 804 678 846 Tristanus
719 802 896 846 infectus
939 815 1001 845 est
1037 815 1046 842 t
1085 814 1287 855 attamen,
1330 801 1419 845 sola
1460 801 1662 846 suadente

178 882 392 934 voluntate,
412 881 598 923 vivacius
626 895 724 923 amo
752 895 879 937 quam
906 878 975 922 ille
994 880 1194 922 amavit1.
1222 895 1241 916 »
1266 879 1375 935 Ergo
1396 893 1525 922 nemo
1547 891 1660 923 amat

179 958 260 1001 nisi
287 958 421 1000 amori
449 958 561 1013 prius
579 969 729 1013 sponte
756 971 947 998 assensus
976 968 1038 998 est
1069 970 1116 998 ac
1145 953 1324 997 libenter
1344 970 1493 998 manus
1523 953 1656 998 dedit.

177 1033 357 1079 Nullum
386 1032 495 1090 apud
523 1031 650 1076 medii
679 1033 768 1075 aevi
796 1032 951 1089 lyricos
991 1032 1252 1088 perniciosae
1288 1030 1483 1074 dominae
1517 1046 1666 1075 exem-

179 1110 266 1167 plar
292 1111 489 1167 reperias,
519 1108 630 1166 apud
664 1110 923 1152 recentiores
963 1108 1189 1163 scriptores
1216 1107 1313 1150 satis
1352 1108 1515 1159 tritum,
1556 1122 1663 1165 quae

179 1199 394 1230 amantem
432 1187 543 1243 turpi
574 1198 614 1228 et
648 1183 904 1228 inenodabili
943 1183 1120 1227 vinculo
1161 1184 1424 1241 constringit,
1455 1183 1663 1240 probroso

180 1266 281 1321 jugo
307 1264 476 1321 premit.
510 1263 624 1306 Nam
653 1261 722 1304 illa
749 1261 836 1304 sola
870 1273 1034 1303 amatur
1068 1275 1173 1318 quae
1201 1258 1447 1317 dignissima
1474 1272 1536 1303 est
1559 1275 1665 1318 quae

185 1353 364 1393 ametur,
389 1353 430 1383 et
457 1352 621 1382 amatur
647 1337 820 1396 perinde
846 1349 1079 1394 utcumque
1108 1337 1239 1379 animi
1267 1336 1454 1389 dotibus,
1484 1335 1669 1379 liberali-

181 1430 278 1470 tate,
304 1416 403 1470 fide,
423 1417 622 1460 comitate
644 1414 916 1473 praepolleat.
936 1415 1037 1458 Non
1057 1414 1154 1470 quia
1174 1412 1395 1456 dominam
1411 1411 1665 1470 proditionis

181 1508 399 1551 nunquam
426 1504 653 1550 arguerunt
680 1490 807 1534 medii
831 1491 920 1534 aevi
948 1489 1068 1546 lyrici
1098 1505 1106 1531 ε
1132 1488 1205 1532 sed
1233 1490 1398 1546 quoties
1420 1488 1501 1531 hoc
1522 1487 1667 1532 thema

181 1582 393 1628 repetunt,
424 1569 548 1612 toties
567 1567 721 1611 eodem
737 1568 921 1610 carmine
950 1565 1132 1624 perfidae
1159 1564 1414 1608 valedicunt.
1444 1564 1528 1608 Ubi
1554 1564 1668 1608 frau-

184 1645 284 1690 dem
320 1647 597 1703 suspicantur,
642 1645 828 1702 priscum
876 1643 1083 1686 amicitiae
1124 1654 1294 1699 pactum
1333 1639 1586 1684 denuntiant
1628 1652 1670 1684 et

184 1722 409 1767 dirimunt.
446 1723 539 1765 Hoc
565 1723 677 1764 iners
716 1733 757 1764 et
790 1719 938 1763 servile
965 1717 1134 1762 amandi
1174 1733 1324 1775 genuS,
1361 1732 1445 1775 quo
1482 1718 1670 1760 sincerus

184 1801 412 1843 insincerae
458 1797 665 1854 alligatur,
706 1812 918 1854 respuere,
963 1795 1030 1839 vel
1070 1796 1210 1853 potius
1250 1796 1516 1852 ignoravere.
1564 1794 1669 1837 Non

185 1876 327 1920 medio
346 1891 448 1919 aevo
477 1873 628 1918 accidit
654 1900 710 1904 —
737 1888 977 1931 quanquam
1001 1872 1102 1914 haec
1123 1883 1185 1914 est
1215 1869 1460 1928 pervulgata
1486 1869 1671 1913 erudito-

186 1968 281 1996 rum
318 1953 464 2010 opinio
497 1976 555 1982 —
592 1963 638 1995 ut
670 1951 843 2002 femina,
885 1949 1071 1992 numinis
1104 1949 1232 1990 instar
1266 1948 1309 1989 in
1342 1946 1503 1990 coelum
1541 1945 1666 1999 elata,

186 2031 304 2088 quasi
331 2029 644 2072 consecratione
666 2026 745 2069 diis
764 2038 1023 2084 aequaretur.
1049 2025 1154 2068 Sunt
1173 2022 1405 2076 maleficae,
1430 2035 1530 2065 sunt
1555 2037 1674 2079 sper-

187 2106 350 2149 nendae
401 2117 441 2148 et
482 2119 625 2148 revera
662 2115 822 2160 spretae
872 2102 1071 2145 feminae.
1118 2101 1219 2144 Non
1262 2098 1484 2151 feminam,
1525 2110 1673 2156 utpote

190 2195 335 2226 natura
372 2181 543 2233 bonam,
589 2181 706 2223 cultu
747 2178 1008 2222 honoravere
1050 2175 1181 2219 medii
1220 2176 1310 2219 aevi
1344 2174 1556 2228 homines,
1599 2173 1673 2218 sed

190 2258 430 2309 dominam,
455 2272 504 2300 ex
519 2256 693 2299 definito
708 2254 864 2298 bonam
890 2270 898 2297 ε
922 2269 1021 2296 nam
1043 2268 1089 2295 ea
1113 2251 1201 2295 sola
1217 2264 1380 2295 amatur
1401 2245 1518 2307 cujus
1540 2249 1674 2293 excel-

189 2335 334 2388 lentia,
363 2333 496 2377 libero
517 2333 672 2375 mentis
698 2345 926 2383 consensu,
951 2330 1067 2387 prius
1086 2329 1240 2385 agnita.

242 2483 254 2506 1
269 2499 277 2507 .
476 2469 598 2504 Onkes
618 2468 675 2503 del
696 2468 844 2514 bevrage
864 2477 908 2501 ne
925 2466 984 2500 bui

474 2526 572 2559 Dont
585 2524 743 2559 Tristans
762 2522 797 2556 fu
817 2522 1066 2568 empoisonnes
1084 2534 1092 2563 ;

475 2581 565 2614 Mais
585 2580 661 2625 plus
682 2590 738 2613 me
753 2577 813 2612 fait
832 2588 928 2612 amer
948 2588 1015 2623 que
1032 2576 1080 2610 lui

477 2636 607 2670 Amors
627 2643 660 2670 et
678 2635 768 2669 bone
788 2633 958 2668 volentes.

1313 2675 1452 2721 (Wack‚
1471 2686 1504 2721 p.
1531 2674 1605 2719 18.)
