1810 2903
796 175 1031 217 —29-

225 257 316 307 Qui
343 255 543 299 dolorem
573 271 661 298 non
695 255 871 298 libenter
913 256 1066 313 excipit
1094 271 1314 313 nunquam
1342 271 1483 299 amare
1521 269 1654 300 curet.

164 333 254 383 Qui
288 332 399 376 mala
425 331 475 375 ab
508 333 670 375 Amore
694 333 875 389 irrogata
899 347 985 375 non
1007 332 1160 375 tolerat
1183 348 1270 376 non
1306 332 1458 390 dignus
1491 346 1554 376 est
1588 331 1662 391 qui

166 409 291 453 bonis
309 408 359 452 ab
380 410 541 452 Amore
562 409 770 452 concessis
791 407 953 452 fruatur
972 417 1000 451 ¹.
1026 410 1116 460 Qui
1138 425 1226 452 non
1245 407 1351 452 adeo
1367 421 1430 452 est
1446 408 1582 452 audax
1615 421 1662 453 ut

167 501 375 544 angorem
408 500 741 543 quemcumque,
780 500 1077 543 quoscumque
1105 486 1238 529 animi
1267 485 1478 529 cruciatus
1504 485 1662 529 exhau-

167 562 261 616 riat,
292 577 484 606 amorem
507 562 709 605 mentitus
732 569 835 604 est2.
858 562 969 614 Imo,
996 562 1029 604 si
1055 563 1164 619 quis,
1196 561 1366 606 nullum
1395 562 1508 619 prius
1538 577 1657 606 moe-

167 653 308 682 rorem
342 653 581 696 perpessus,
619 639 660 680 in
698 640 875 695 gratiam
908 650 948 681 et
993 638 1183 682 favorem
1233 637 1435 682 dominae
1476 640 1658 692 venerit,

168 715 428 773 voluptatem
464 713 641 772 quidem
677 715 933 770 experietur,
977 731 1064 758 non
1108 727 1251 758 autem
1291 730 1510 768 amorem;
1553 727 1594 758 et
1628 716 1663 758 si

168 791 277 835 forte
309 792 487 835 numina
513 791 677 834 sincero
708 793 888 834 amatori
917 791 1200 835 concederent
1237 804 1281 834 ut
1317 791 1436 835 nullo
1469 807 1662 849 unquam

170 865 314 911 dolore
343 867 612 924 affligeretur,
634 865 714 909 hoc
735 867 897 910 exitiale
918 866 1082 910 donum
1108 880 1323 925 respueret
1345 884 1353 910 :
1375 883 1476 910 nam
1497 867 1660 921 dolore,

170 956 320 1002 utpote
342 942 597 986 ineluctabili
623 944 705 997 via,
731 943 782 987 ad
800 959 994 987 amorem
1019 945 1138 987 itur³.

223 1101 252 1126 1.
282 1090 357 1125 Hos
375 1089 555 1124 nonnulos
575 1101 706 1132 versus,
726 1091 817 1125 inter
833 1098 885 1125 tot
903 1091 1059 1125 carmina
1076 1090 1297 1136 desumptos,
1317 1091 1432 1137 accipe
1453 1103 1460 1125 :

457 1146 530 1186 Qui
548 1146 637 1180 n'est
658 1146 830 1181 souffrans
850 1155 884 1181 et
901 1146 1068 1181 d'estable
1089 1158 1213 1193 corage

456 1202 486 1236 Il
506 1214 549 1237 ne
570 1214 605 1237 se
619 1202 693 1237 doit
712 1211 938 1237 entremettre
956 1203 1104 1237 d'arner.

457 1259 527 1293 Car
545 1270 622 1293 cors
639 1270 683 1293 ne
704 1267 785 1304 puet
803 1270 848 1293 en
866 1270 991 1293 amour
1009 1258 1180 1305 pourfiter

459 1314 533 1354 Qui
553 1323 603 1349 est
623 1315 883 1362 acompaignie's
901 1327 920 1349 a
936 1326 1019 1350 cuer
1039 1315 1178 1361 volage.

1341 1361 1491 1407 (Adam,
1513 1362 1596 1408 IV.)

457 1419 529 1452 He!
548 1418 596 1452 las
611 1419 617 1452 1
641 1418 664 1452 il
682 1417 770 1452 n’est
791 1419 879 1452 mais
897 1428 963 1452 nus
980 1419 1040 1464 qui
1058 1418 1131 1452 aint

458 1474 608 1508 Ainsinc
623 1474 703 1509 c'on
724 1474 881 1509 deveroit
907 1475 1021 1508 amer!

460 1530 642 1565 Chascuns
663 1541 787 1564 amanz
805 1530 984 1565 orendroit
1002 1529 1087 1564 faint

458 1586 502 1621 Et
518 1595 601 1621 veut
619 1587 685 1632 jo'i'r
704 1598 783 1621 sans
803 1586 966 1622 endurer.

1367 1633 1515 1678 (Adam,
1532 1634 1598 1679 V.)

458 1698 556 1735 N’est
578 1710 637 1745 pas
657 1699 751 1733 droiz
773 1699 939 1733 d’Amors
959 1710 1026 1745 que
1043 1698 1092 1733 les
1109 1698 1206 1732 biens
1225 1709 1266 1732 en
1288 1706 1385 1733 sente

461 1754 516 1789 Cil
535 1755 567 1789 ki
589 1754 638 1789 les
657 1755 759 1789 douls
779 1754 868 1789 mals
885 1754 968 1788 n’en
986 1762 1069 1789 veut
1087 1754 1273 1789 soustenir.

1137 1810 1263 1854 (Gaee,
1282 1809 1419 1854 Archiv,
1441 1811 1595 1856 XXXI.)

223 1857 279 1893 Cf.
299 1857 438 1901 Archiv,
459 1858 622 1901 XLVIII,
641 1858 755 1901 XCII,
775 1866 873 1892 etc...

223 1932 257 1958 2.
285 1923 416 1966 Adam,
439 1923 572 1966 XXIV,
595 1935 628 1969 p.
651 1934 709 1970 94.

224 1998 256 2033 3.
473 1989 514 2035 Je
531 1999 576 2023 ne
593 1989 664 2023 cuit
682 1999 741 2034 pas
758 1998 827 2033 que
848 1986 927 2021 nuls
945 1991 1036 2033 po'i'st
1050 1986 1148 2021 avoir

455 2043 532 2089 Joie
552 2043 699 2086 d'amor,
720 2043 774 2077 s'il
791 2042 871 2077 n’en
890 2051 966 2077 sent
987 2042 1018 2076 la
1039 2042 1154 2077 dolor.

458 2100 633 2135 Premiers
650 2099 819 2134 convient
839 2098 905 2133 leal
924 2099 995 2132 ami
1013 2098 1126 2132 doloir

459 2155 594 2198 Ancois
615 2155 702 2202 qu’il
719 2154 803 2189 n'ait
822 2154 904 2189 nule
922 2155 991 2199 joie
1010 2154 1158 2188 d’amor.

834 2210 972 2255 (Gualt.
997 2210 1128 2255 d’Esp.‚
1153 2209 1269 2253 Brak.,
1293 2208 1431 2252 Chans.,
1447 2209 1600 2256 XXIII.)

462 2275 556 2318 Bele,
579 2287 714 2322 onques
734 2275 822 2309 n'est
837 2275 994 2309 amenrie

462 2332 523 2366 Ma
543 2332 658 2377 peine,
679 2343 723 2366 ne
744 2331 897 2366 amenrir

462 2387 517 2422 Ne
537 2387 570 2421 la
586 2387 755 2422 voudroie
777 2388 807 2433 je
827 2387 911 2421 mie.

463 2442 530 2478 Car
543 2455 588 2478 ne
608 2443 681 2477 doit
701 2443 867 2477 d'Amors
886 2443 952 2489 jo'i'r

463 2500 536 2540 Qui
558 2499 640 2534 n’en
658 2508 741 2534 veut
761 2500 812 2533 les
832 2510 931 2532 maus
954 2497 1081 2533 soufrir

606 2555 696 2590 Molt
716 2555 874 2589 liement.

980 2600 1175 2646 (johannes
1190 2600 1317 2643 Bretel,
1337 2601 1502 2646 Mdlzner,
1524 2602 1604 2646 40.)
