1851 2949
807 251 1011 281 -)-

226 323 414 379 Quippe,
445 322 525 364 nisi
547 319 685 374 fallor,
712 319 783 364 ubi
799 321 966 377 copiam
983 318 1224 362 editionum
1240 319 1282 361 in
1300 331 1501 376 promptu
1527 318 1656 362 habe-

168 398 324 451 bimus,
352 410 497 441 nostra
531 396 582 440 de
610 397 756 454 priscis
790 396 930 454 lyricis
954 395 1109 452 judicia
1146 396 1381 438 necessario
1409 396 1657 453 aequiorem

167 475 208 518 in
233 473 415 517 modum
444 472 738 517 deflectentur.

227 552 350 602 Quae
388 565 555 602 tamen,
592 551 794 604 fatemur,
822 565 1043 607 nunquam
1068 548 1259 593 funditus
1289 560 1544 593 evertentur.
1573 549 1661 591 Pri-

169 644 290 671 mum
331 629 448 672 enim
486 628 607 686 plura
646 627 697 671 de
738 643 782 671 re
819 642 949 685 quam
988 625 1246 669 tractandam
1287 641 1364 684 pro
1396 625 1506 669 virili
1545 638 1660 683 parte

167 705 430 763 suscepimus
462 707 708 763 ignoramus
743 716 783 747 et
816 702 1110 760 ignorabimus
1147 715 1155 741 τ
1195 715 1302 760 quot
1342 703 1525 746 carmina
1563 719 1660 760 sup-

166 797 310 839 presso
339 783 520 825 auctoris
554 781 732 824 nomine
769 779 917 823 tradita
955 791 1068 832 sunt,
1102 794 1286 837 quorum
1321 794 1489 836 semper
1515 793 1662 823 auctor

166 857 388 902 celabitur!
421 858 544 908 Quot
576 872 797 915 poetarum
828 856 930 899 nihil
955 869 1146 914 superest
1175 856 1358 912 exceptis
1393 856 1559 914 triginta
1588 868 1660 899 aut

168 935 475 992 quinquaginta
515 933 725 987 versibus,
774 949 881 991 quos
919 932 1186 976 saeculorum
1224 933 1374 988 injuria
1412 932 1534 975 nobis
1573 948 1660 976 non

168 1009 339 1054 invidit!
365 1011 488 1061 Quot
513 1023 740 1068 poetarum
766 1009 865 1053 latet
891 1010 974 1053 vita
995 1021 1036 1052 et
1061 1007 1227 1052 latebit!
1257 1009 1380 1059 Quae
1404 1007 1659 1052 indiciorum

168 1088 375 1144 paucitas!

224 1164 319 1207 Imo
336 1179 425 1207 non
446 1162 717 1207 infitiandum
741 1176 801 1207 est
827 1163 1009 1207 istorum
1037 1174 1286 1220 poematum
1318 1163 1526 1219 majorem
1564 1179 1657 1220 par-

169 1252 255 1284 tem
293 1256 443 1298 parum
477 1240 725 1297 significare.
759 1241 871 1283 Nam
910 1252 1207 1297 praeterquam
1230 1238 1347 1297 quod
1373 1241 1501 1283 totius
1524 1239 1656 1283 medii

169 1319 257 1361 aevi
280 1316 364 1360 hoc
386 1317 538 1360 vitium
563 1329 626 1360 est
646 1332 822 1374 poeseos
840 1329 886 1360 ut
906 1317 1105 1374 proprios
1128 1328 1355 1373 poetarum
1382 1332 1532 1359 sensus
1556 1332 1654 1373 pro-

168 1394 268 1450 priis
293 1392 432 1437 verbis
449 1409 577 1451 quam
602 1394 813 1436 rarissime
830 1391 1005 1444 indicet,
1028 1392 1108 1436 hoc
1137 1408 1226 1436 non
1262 1394 1361 1436 satis
1389 1393 1658 1438 animadver-

169 1482 311 1513 terunt
340 1469 493 1514 eruditi
534 1483 542 1509 z
576 1469 733 1513 scilicet
767 1483 974 1513 nostrates
1007 1469 1162 1526 lyricos
1197 1485 1285 1512 non
1317 1483 1404 1513 tam
1435 1479 1655 1529 poetarum,

168 1562 298 1604 quam
317 1548 556 1590 musicorum
573 1545 742 1589 laudem
766 1548 1030 1604 appetivisse.
1051 1546 1183 1596 Quod
1207 1546 1397 1590 vividum
1413 1549 1454 1589 in
1478 1547 1658 1591 modum

167 1624 371 1680 expressit
387 1622 516 1666 Folco
543 1622 815 1666 Massiliensis
838 1640 845 1665 :
875 1640 895 1661 «
921 1622 1073 1673 Qualis
1095 1624 1262 1681 aquaria
1283 1623 1398 1666 mola
1416 1624 1507 1667 sine
1532 1640 1654 1682 aqua,

169 1698 259 1742 talis
278 1698 452 1756 stropha
480 1700 568 1742 sine
592 1700 776 1742 musicae
796 1698 953 1742 modis.
994 1715 1014 1738 »
1038 1698 1113 1741 Ille
1136 1697 1249 1742 idem
1272 1700 1508 1743 carminum
1530 1702 1656 1758 scrip-

167 1787 235 1819 tor
278 1776 351 1833 qui
389 1776 431 1818 in
474 1774 663 1818 versibus
705 1774 934 1818 scribendis
971 1774 1119 1818 eadem
1150 1788 1396 1833 argumenta
1440 1778 1528 1819 sine
1567 1776 1655 1820 ullo

170 1849 331 1895 delectu
355 1849 501 1894 crebro
526 1864 716 1909 usurpet,
741 1853 858 1910 quasi
885 1850 1036 1896 dictata
1059 1851 1252 1896 decantet
1274 1865 1314 1895 et
1342 1851 1478 1896 aliena
1504 1854 1656 1896 scrinia

166 1926 438 1982 impudenter
458 1927 678 1985 compilet,
706 1927 957 1985 rhythmum
976 1941 1123 1972 contra
1145 1927 1365 1987 melosque
1391 1930 1657 1987 uniuscujus-

168 2019 249 2061 que
269 2004 468 2047 carminis
503 2002 608 2047 adeo
629 2003 851 2061 distinguit
877 2017 937 2056 ut,
962 2005 1005 2048 in
1031 2006 1244 2063 sexaginta
1271 2021 1378 2064 quae
1406 2008 1659 2050 exstiterunt

174 2079 723 2137 poematis,'Theobaldus,
762 2082 975 2126 Navarrae
1017 2097 1105 2135 rex,
1147 2081 1434 2138 rhythmicam
1467 2082 1659 2140 stropha-

169 2170 264 2198 rum
284 2155 671 2199 conformationem
703 2157 890 2214 sexagies
916 2157 1152 2201 variaverit.
1192 2158 1331 2201 Melos
1366 2158 1410 2200 in
1444 2159 1657 2216 mancipio

167 2295 307 2331 prorsus
328 2286 428 2331 pretii
446 2294 528 2320 sunt
546 2285 738 2333 farragines
756 2298 774 2321 a
801 2285 916 2320 Tarbe
935 2286 1048 2321 editae
1077 2300 1094 2319 »
1115 2287 1168 2332 (de
1185 2292 1285 2322 nostr.
1316 2292 1400 2334 poet.
1426 2299 1458 2333 p.
1494 2288 1569 2334 97).
1603 2288 1661 2322 Sic

165 2348 283 2375 autem
301 2340 333 2385 J.
355 2341 602 2384 Brakelmann,
624 2342 734 2376 Clmns
751 2354 757 2375 :
781 2356 798 2374 (ε
827 2341 931 2377 Cette
949 2343 1082 2377 e'dition
1101 2343 1162 2388 (de
1182 2342 1329 2377 Blondel
1351 2343 1394 2377 de
1412 2343 1534 2388 Nesle)
1563 2355 1607 2378 ne
1628 2343 1660 2379 le

164 2396 248 2430 c‘ede
259 2407 301 2430 en
323 2397 397 2431 rien
415 2408 481 2431 aux
502 2405 616 2431 autres
635 2397 868 2443 publications
887 2398 929 2432 de
949 2399 998 2432 M.
1019 2397 1146 2433 Tarbe.
1168 2399 1264 2433 C'est
1280 2398 1313 2433 la
1328 2401 1445 2434 meme
1461 2399 1607 2434 absence
1621 2399 1663 2434 de

165 2453 324 2498 critique,
350 2452 393 2487 de
411 2453 592 2495 methode,
613 2453 656 2487 de
675 2461 752 2488 tout
784 2453 906 2488 travail
926 2454 1203 2497 consciencieux‚
1239 2455 1272 2489 le
1302 2456 1421 2489 meme
1448 2467 1603 2501 manque
1621 2456 1663 2490 de

164 2507 370 2543 l’erudition
387 2508 633 2555 philologique
652 2510 856 2544 necessaire.
879 2510 996 2553 Aussi‚
1019 2510 1192 2556 l'opinion
1213 2510 1347 2545 n’etant
1376 2511 1453 2557 plus
1482 2513 1500 2545 a
1530 2522 1567 2545 se
1595 2511 1664 2546 for-

169 2574 245 2598 mer
262 2575 321 2598 sur
340 2564 390 2599 les
410 2572 555 2599 travaux
574 2564 617 2599 de
646 2566 696 2600 M.
725 2564 852 2609 Tarbe‚
883 2567 916 2613 je
946 2577 990 2600 ne
1024 2567 1163 2601 croirais
1189 2568 1308 2601 meme
1333 2578 1394 2613 pas
1425 2567 1508 2601 faire
1540 2578 1665 2602 oeuvre

170 2619 253 2654 utile
270 2631 314 2654 en
331 2620 487 2655 relevant
505 2628 538 2654 et
559 2631 603 2655 en
619 2620 774 2656 refutant
788 2621 839 2656 les
858 2632 991 2657 erreurs
1011 2622 1119 2669 qu’on
1142 2631 1325 2658 rencontre
1353 2625 1374 2657 a
1404 2623 1539 2670 chaque
1573 2634 1661 2670 page

170 2674 213 2710 de
234 2683 322 2711 cette
339 2675 566 2722 publication.
598 2689 614 2710 »
