1810 2903
368 260 412 303 Si
439 276 460 303 a
479 273 600 317 grant
622 262 703 315 joie
731 285 777 291 —
803 261 841 304 el
867 263 1028 320 vergier
1053 278 1109 306 ou
1132 262 1312 316 donoie;

162 343 341 397 Scilicet,
372 357 418 388 ut
441 361 567 402 supra
590 344 791 398 vidimus,
822 348 935 404 prior
977 363 1123 391 versus
1149 347 1346 392 insolenti
1385 346 1563 391 elisione
1597 348 1640 390 in

161 420 492 478 subsequentem
512 437 682 465 versum
704 422 900 466 transilit.

221 498 351 554 Atqui
389 496 568 541 difficilis
600 510 641 540 et
681 498 929 556 scrupulosa
971 499 1290 557 quaestiuncula
1331 500 1442 543 subit
1478 500 1645 543 tertiam

163 572 381 630 stropham
412 572 711 627 consideranti,
748 573 820 618 ubi
846 590 988 618 versus
1032 587 1172 618 sextus
1207 574 1400 619 decimus
1438 574 1502 633 (V.
1550 575 1644 631 54),

163 664 406 707 quanquam
432 665 454 692 a
480 649 615 693 vocali
636 650 857 707 incipiens,
888 667 976 694 non
1004 667 1090 704 seX,
1124 650 1197 694 sed
1225 652 1414 709 quinque
1450 664 1645 695 numerat

163 725 341 782 syllabas
369 739 377 766 ε

398 803 445 858 Je
463 801 560 845 n’en
588 801 813 859 prendroie
837 828 894 833 —
919 804 1053 846 Avoir
1072 818 1126 846 ne
1153 803 1342 846 monoie.

223 886 326 930 Non
341 885 466 929 video
486 887 708 944 quomodo
723 886 848 944 hujus
865 888 923 931 rei
939 889 1148 931 rationem
1164 903 1325 941 eruam,
1343 888 1424 930 nisi
1441 887 1647 944 acceperis

165 961 246 1005 hoc
266 962 447 1006 elidendi
467 979 600 1020 genus
625 976 773 1021 poetae
793 963 958 1007 licitum
981 963 1172 1022 quidem,
1198 979 1285 1007 non
1313 976 1456 1008 autem
1485 965 1646 1021 injunc-

165 1050 258 1081 tum
272 1038 413 1092 fuisse,
431 1041 637 1097 permisso
659 1052 705 1083 ut
725 1053 869 1083 cantor
893 1039 1087 1083 ultimam
1110 1041 1259 1098 prioris
1275 1055 1420 1084 versus
1442 1039 1644 1097 syllabam

166 1114 217 1158 ad
243 1114 409 1158 libitum
430 1117 668 1159 enuntiaret
692 1115 759 1159 vel
785 1117 1082 1173 supprimeret.

223 1198 298 1241 IV.
323 1200 507 1243 Carmen
528 1200 565 1242 Π
590 1200 756 1243 Nicolai
779 1199 907 1257 (Molt
933 1200 1107 1244 m'anuie
1125 1200 1249 1244 d’iver
1273 1216 1344 1258 que
1369 1209 1455 1243 tant
1479 1214 1505 1242 a
1530 1198 1648 1256 dure')

167 1273 523 1332 hendecasyllabis
544 1289 723 1330 constat,
745 1276 861 1333 quod
883 1277 1103 1320 insolitum
1129 1292 1329 1320 versuum
1350 1292 1484 1334 genus
1508 1275 1645 1333 gallici

167 1363 315 1408 poetae
335 1367 523 1409 perraro,
546 1364 639 1395 tum
658 1353 833 1409 priores,
864 1365 957 1395 tum
984 1354 1257 1405 recentiores,
1282 1351 1525 1396 adhibuere.

226 1427 418 1471 Pleiados
448 1427 621 1485 quidem
659 1440 824 1471 nostrae
866 1441 1010 1486 poetas
1043 1430 1268 1472 incesserat
1306 1427 1462 1485 cupido
1491 1427 1648 1470 hende-

168 1503 397 1561 casyllabos
414 1505 456 1547 in
483 1504 839 1548 consuetudinem
861 1518 1049 1548 nostram
1072 1504 1302 1548 inducendi
1333 1522 1340 1547 :
1369 1521 1388 1544 (ε
1413 1506 1484 1547 Eia
1506 1519 1596 1560 age,
1624 1519 1644 1542 »

165 1580 224 1623 sic
240 1579 437 1636 Joachim
470 1580 650 1624 Bellaius
678 1593 905 1625 venturum
938 1594 1107 1638 poetam
1139 1580 1385 1639 alloquitur,
1413 1597 1433 1620 ‹<
1463 1581 1507 1623 in
1533 1578 1650 1637 galli-

165 1671 254 1699 cam
284 1656 487 1699 familiam
513 1656 665 1715 adopta
698 1657 956 1714 profluentes
987 1657 1081 1700 illos
1112 1670 1401 1714 venustosque
1437 1654 1651 1699 hendeca-

169 1732 368 1790 syllabos,
399 1732 620 1777 Catullum
651 1733 717 1776 vel
750 1735 992 1776 Pontanum
1025 1733 1091 1776 vel
1117 1732 1362 1788 Johannem
1403 1731 1649 1775 Secundum

170 1807 296 1852 duces
314 1821 498 1862 secutus,
523 1811 579 1852 ita
606 1821 747 1852 tamen
775 1809 902 1852 duces
929 1825 990 1862 ut,
1018 1811 1146 1852 etiam
1173 1811 1206 1852 si
1236 1807 1481 1866 prosodiam
1509 1807 1649 1865 negle-

169 1886 295 1939 xeris,
325 1900 555 1928 numerum
581 1885 730 1928 saltem
757 1885 1014 1942 syllabarum
1047 1884 1242 1928 referas1.
1283 1901 1302 1924 ›>
1336 1885 1428 1928 Nec
1462 1883 1649 1927 defecere

171 1960 281 2018 apud
299 1960 401 2004 Baifi
431 1960 619 2004 aemulos
645 1962 732 2019 qui,
766 1960 867 2004 haec
902 1961 1099 2004 mandata
1132 1961 1326 2003 adstricte
1363 1960 1561 2012 exsecuti,
1601 1958 1651 2003 ad

170 2038 454 2080 imitationem
473 2053 619 2080 versus
643 2036 831 2094 sapphici
858 2038 1035 2080 minoris
1056 2035 1428 2093 hendecasyllabos
1450 2035 1649 2078 informa-

172 2126 283 2167 rent,
313 2129 359 2156 ea
386 2113 541 2156 scilicet
558 2112 664 2171 lege,
690 2125 735 2157 ut
756 2127 901 2156 nostro
924 2128 1091 2170 quoque
1112 2112 1262 2168 gallico
1289 2126 1504 2165 sermone,
1529 2110 1649 2169 dipo-

175 2189 242 2232 dia
280 2190 487 2232 trochaica
517 2202 757 2232 constarent
800 2201 840 2231 et
883 2188 1030 2231 ordine
1071 2187 1323 2244 logaoedico.
1371 2188 1438 2230 Sic
1465 2187 1654 2243 Rapinus

178 2265 305 2308 hosce
320 2280 479 2317 versus,
510 2264 705 2322 strophae
726 2263 949 2322 sapphicae
968 2265 1112 2317 instar,
1144 2264 1382 2320 composuit
1407 2279 1415 2305 :

351 2350 471 2392 Vous
499 2353 571 2405 qui
594 2348 652 2391 les
668 2350 884 2391 ruisseaux
905 2373 960 2378 -—
981 2346 1205 2390 d'Helicon
1226 2346 1466 2404 frequentez

351 2426 471 2468 Vous
491 2429 561 2482 qui
584 2424 642 2467 le‘s
665 2423 820 2481 jardins
837 2449 894 2454 ——
920 2422 1127 2466 solitaires
1148 2422 1316 2475 hamez,

354 2492 404 2544 Et
430 2501 466 2544 le
490 2500 590 2543 fond
611 2500 683 2543 des
708 2499 800 2542 bois
817 2525 873 2529 —
889 2503 1063 2542 curieux
1083 2499 1133 2541 de
1157 2498 1313 2541 choisir

529 2576 725 2619 L'ombre
744 2581 784 2618 et
805 2575 840 2618 le
858 2575 1027 2618 loisis...

232 2698 258 2721 1.
288 2687 446 2721 Discours
465 2686 499 2719 de
518 2687 548 2719 [ιι
570 2686 712 2730 Deffencc
727 2689 756 2718 et
776 2685 900 2718 illustr.
922 2684 957 2717 de
975 2683 1005 2717 la
1023 2683 1044 2717 l.
1058 2683 1188 2727 franc„
1205 2683 1259 2716 ed.
1281 2682 1424 2722 Person,
1445 2692 1476 2726 p.
1507 2681 1582 2714 118.
