1810 2903
767 157 1004 198 —52—

133 251 197 293 des
231 251 309 292 iens
340 250 392 292 du
415 248 569 306 front),
605 250 764 291 amicae
797 248 979 292 absentis
1011 247 1222 291 desiderio
1252 248 1444 302 affectus,
1479 264 1624 293 versus

134 342 237 368 suos
267 326 455 368 condidit
483 324 568 382 (V)
601 342 609 368 :

462 421 535 463 On
562 434 605 461 se
634 418 723 462 doit
749 418 846 461 bien
874 418 1103 461 esforchier

340 497 403 538 De
432 497 524 539 Deu
551 496 696 548 servir,
727 496 764 551 ja
789 496 830 538 ni
854 496 936 538 soit
961 493 990 537 li
1017 494 1167 546 talam,

463 572 513 614 Et
538 571 575 614 16
596 586 664 614 car
684 569 867 614 fraindre
890 584 930 614 et
953 570 1159 628 plaissiet,

346 649 398 690 Ki
420 661 516 691 tous
542 649 657 704 jours
676 660 738 691 est
764 646 816 691 de
836 646 1008 705 pechier
1035 646 1248 700 desirans;

347 724 492 768 Adont
512 725 601 768 voit
626 725 742 767 Deus
764 723 800 767 16
822 722 978 766 double
1006 722 1271 780 penitanche.

346 802 427 854 He,
454 800 537 844 las!
561 816 605 844 se
626 815 705 843 nus
730 815 773 843 se
798 798 887 843 doit
908 814 1056 842 sauver
1076 797 1240 851 dolans,

349 879 466 921 Dont
487 876 576 921 doit
601 892 675 935 par
700 875 811 920 droit
834 891 903 919 me
931 877 1082 918 merite
1105 887 1215 918 estre
1235 889 1377 931 grans,

348 955 431 997 Car
451 953 542 1011 plus
564 953 711 997 dolens
729 969 782 996 ne
805 969 847 996 se
870 965 961 1010 part
981 968 1059 995 nus
1082 951 1133 994 de
1157 952 1326 994 France.

851 1136 923 1177 IV.

202 1285 279 1327 His
300 1296 441 1327 autern
467 1282 633 1326 dotibus
655 1298 697 1325 se
718 1283 938 1340 praecipue
960 1298 981 1325 a
1004 1282 1132 1340 vulgo
1154 1284 1299 1326 eximit
1325 1283 1453 1327 Cono
1474 1283 1628 1326 Bethu-

145 1363 301 1405 niensis
327 1360 456 1419 quod,
481 1361 675 1419 quamvis
693 1362 938 1418 exquisitam
964 1360 1077 1403 illam
1102 1358 1152 1403 de
1175 1372 1260 1403 arte
1281 1360 1450 1403 amandi
1477 1359 1628 1403 doctri-

146 1454 260 1491 nam,
287 1438 336 1481 ab
365 1438 618 1495 Aquitaniae
639 1436 777 1493 lyricis
802 1437 1098 1493 excogitatam,
1127 1436 1310 1493 perbene
1336 1449 1626 1493 cognosceret,

144 1530 237 1558 eam
271 1529 413 1558 tamen
446 1527 597 1571 sponte
628 1529 719 1566 sua,
750 1529 916 1557 necnon
949 1515 1038 1556 sine
1067 1513 1281 1571 voluptate
1309 1512 1508 1571 quadam,
1541 1515 1629 1556 vio-

145 1592 261 1635 lavit.

204 1669 334 1721 Nam,
369 1680 415 1711 ut
453 1667 643 1724 exempla
681 1667 867 1719 afferam,
908 1668 1114 1710 rationem
1150 1666 1313 1709 reddidi
1350 1682 1424 1710 cur
1465 1665 1630 1710 deceret

146 1756 333 1786 amantes
360 1756 599 1800 exspectare
626 1758 808 1800 semper,
838 1755 961 1800 atque
982 1741 1024 1785 id
1051 1742 1161 1786 laeto
1182 1743 1346 1795 animo,
1378 1758 1512 1800 neque
1534 1742 1630 1784 lice-

144 1834 205 1863 ret
241 1835 431 1877 unquam
465 1834 553 1871 eos,
590 1820 754 1862 etiamsi
792 1834 886 1876 spes
919 1818 1147 1872 falleretur,
1181 1818 1339 1862 invidia
1371 1820 1413 1861 in
1448 1833 1630 1862 amatam

146 1897 298 1940 furere.
321 1898 514 1939 Devovet
533 1895 817 1938 nihilominus
844 1896 967 1939 Cono
988 1897 1031 1939 in
1051 1895 1251 1938 omnibus
1272 1895 1355 1938 fere
1376 1895 1632 1939 carminibus

148 1973 368 2016 dominam
393 1971 491 2029 (VI,
521 1973 615 2024 VII,
651 1972 765 2025 VIII,
795 1972 872 2025 IX,
901 1971 964 2029 X)
996 1989 1004 2015 :

445 2066 558 2109 Tant
581 2068 619 2108 ai
646 2069 740 2109 ame
768 2067 890 2124 qu’or
917 2081 986 2109 me
1012 2067 1179 2109 covient
1201 2066 1306 2117 bais,

563 2143 615 2185 Et
641 2144 674 2185 si
697 2158 749 2185 ne
776 2143 866 2185 kier
893 2144 1000 2185 mais
1026 2157 1158 2194 amer,

448 2218 546 2261 S'en
567 2218 621 2262 tel
642 2218 709 2262 leu
731 2217 838 2262 n‘est
857 2218 951 2262 c'on
974 2234 1026 2262 ne
1047 2218 1171 2261 sache
1193 2219 1363 2271 mentis,

563 2295 629 2338 Ne
656 2294 867 2348 decemir,
896 2310 947 2338 ne
970 2294 1140 2338 fausser.
1353 2293 1515 2351 (VIII.)

211 2390 300 2440 Qui
330 2405 486 2439 versus,
513 2390 606 2442 etsi,
631 2388 680 2432 ab
705 2390 862 2432 immiti
893 2389 966 2432 illo
994 2390 1175 2432 Conone
1197 2390 1356 2446 scripti,
1386 2404 1474 2432 non
1502 2387 1635 2430 admi-

153 2467 361 2509 rationem
400 2480 588 2518 movem,
640 2465 749 2522 apud
790 2478 958 2523 poetam
1010 2478 1153 2508 tamen
1192 2466 1408 2509 amatoriis
1446 2464 1635 2507 versibus

154 2541 345 2585 deditum
382 2543 425 2584 in
466 2542 669 2586 miraculo
703 2554 816 2585 sunt.
863 2543 1030 2585 Horum
1067 2543 1198 2593 enirn,
1237 2540 1287 2584 de
1325 2540 1476 2599 quibus
1512 2555 1636 2598 supra
