1851 2949
802 200 1036 242 *14-

172 309 268 337 vere
286 307 326 338 et
343 309 495 338 auxere
513 296 645 338 critici
662 294 814 353 quibus
833 296 992 339 Museti
1013 311 1173 339 nomen
1195 297 1373 340 occurrit
1391 313 1399 339 ε
1421 297 1509 340 sive
1527 312 1655 355 quae-

171 370 358 413 siverunt
381 385 468 413 non
493 372 581 414 sine
609 369 782 414 ridenda
805 372 1008 428 gravitate
1033 387 1138 429 quae
1162 371 1287 416 fuerit
1310 371 1380 415 illa
1404 373 1653 416 Tricassen-

173 446 226 489 sis
261 458 302 488 et
324 446 590 490 Provinensis
621 446 851 490 Academia
866 456 896 501 ¹,
919 463 993 491 seu
1017 449 1185 492 Museto
1204 447 1487 506 quarumdam
1519 464 1657 506 reper-

173 534 311 565 tarum
337 521 490 566 fidium
510 522 681 566 laudem
702 521 1029 581 adscripserunt.

231 599 355 655 Ergo,
385 599 418 641 si
443 610 507 642 tot
536 598 800 643 eruditorum
827 601 1068 657 ingeniosas
1098 599 1291 643 fictiones
1323 601 1367 643 in
1394 616 1529 644 unum
1557 615 1656 644 con-

173 675 296 730 geris,
329 687 463 718 totam
496 674 626 718 habes
656 676 813 719 Museti
843 676 974 719 vitam
1004 692 1012 719 :
1047 677 1118 734 qui
1147 691 1277 734 vagus
1312 675 1520 732 joculator
1548 677 1658 720 circa

173 765 334 793 annum
355 750 514 793 MCCL
539 749 687 794 floruit
707 763 760 804 et,
788 750 952 795 subtilis
977 750 1136 800 artifeX‚
1160 751 1279 808 plura
1299 752 1460 795 invenit
1480 767 1655 810 organo-

173 841 271 869 rum
315 839 647 884 poematumque
685 842 855 884 genera.
899 826 1176 871 Theobaldus
1218 840 1379 882 autem,
1429 828 1535 871 tanti
1578 828 1658 872 viri

174 903 387 945 miseriam
414 902 592 947 moleste
618 902 773 956 ferens,
803 918 901 946 eum
927 904 970 946 in
996 902 1320 947 familiaritatem
1344 919 1466 947 suam
1490 904 1654 957 accivit,

173 978 406 1022 honoribus
424 978 661 1037 divitiisque
683 979 928 1032 cumulavit,
953 992 994 1022 et
1010 980 1051 1023 in
1073 992 1294 1037 poetarum
1313 995 1488 1024 suorum
1509 979 1657 1024 acade-

175 1055 306 1098 miam
326 1056 541 1098 arcessivit
561 1055 768 1099 sodalem.
801 1056 868 1099 Sic
886 1057 1024 1099 senuit
1047 1056 1265 1109 Nicolaus,
1289 1069 1508 1113 poetarum
1531 1055 1659 1100 colle-

173 1132 230 1188 gii
277 1133 487 1189 princeps,
535 1145 590 1186 et,
640 1131 947 1188 adjuvantibus
991 1131 1149 1187 Jacobo
1199 1132 1353 1175 Grurio
1394 1145 1434 1175 et
1468 1133 1654 1189 Hugone

174 1208 466 1266 Lotharingio‚
491 1209 631 1251 Sancti
651 1207 806 1263 Juliani
828 1207 998 1251 aedibus
1021 1209 1226 1265 praestitit
1247 1209 1500 1266 impensam.
1524 1209 1572 1251 In
1593 1208 1658 1251 his

176 1282 347 1327 aedibus
380 1284 537 1326 Museti
568 1286 740 1341 ejusque
773 1285 935 1338 uxoris,
974 1299 1078 1342 quae
1115 1299 1291 1341 poeseos
1321 1283 1509 1327 studium
1537 1283 1655 1336 fovit,

176 1359 398 1403 simulacra
425 1372 562 1404 erecta
588 1373 701 1403 sunt.
731 1360 824 1402 Imo
853 1359 1056 1405 Nicolaus
1084 1361 1126 1403 in
1154 1375 1384 1404 numerum
1414 1359 1576 1404 Alfredi
1604 1359 1656 1404 de

176 1436 341 1480 Musset
366 1437 577 1493 majorum
604 1435 919 1480 adscribendus.

235 1513 601 1570 Supervacaneum
622 1525 683 1556 est
702 1526 764 1557 tot
787 1512 1011 1556 doctorum
1029 1512 1252 1556 hominum
1280 1511 1499 1556 mendacia
1519 1511 1658 1555 redar·

176 1603 318 1645 gnere.
371 1589 499 1642 Nam,
557 1601 604 1632 ut
662 1589 905 1647 exemplum
959 1605 1094 1632 unum
1156 1589 1344 1642 afferam,
1409 1590 1492 1645 jam
1544 1602 1658 1632 anno

176 1664 477 1718 MDCCXLII,
511 1664 722 1708 eruditum
747 1666 903 1718 virum,
938 1664 1229 1718 Laravalliere,
1259 1680 1345 1708 non
1372 1663 1527 1708 latebat
1553 1679 1659 1722 quae

178 1826 220 1862 de
241 1828 467 1874 Saint-Julien
485 1828 544 1863 des
568 1828 785 1870 Menestrels‚
811 1840 857 1864 on
878 1829 996 1876 voyait
1022 1840 1091 1864 une
1117 1838 1228 1864 statue
1252 1830 1495 1875 representant
1515 1840 1564 1862 un
1583 1830 1659 1875 jon-

178 1884 276 1930 gleur
294 1885 364 1930 qui,
387 1884 529 1919 l’archet
549 1885 653 1919 d’une
675 1885 771 1918 main
794 1893 827 1919 et
848 1885 879 1919 le
901 1884 1023 1919 violon
1044 1885 1086 1918 de
1105 1884 1238 1927 l’autre,
1259 1884 1418 1918 semblait
1436 1883 1596 1929 preluder
1614 1894 1659 1918 au

178 1940 260 1973 recit
277 1940 319 1973 de
339 1939 490 1985 quelque
507 1941 677 1976 chanson.
701 1941 750 1974 La
771 1940 935 1974 tradition
955 1939 1086 1974 voulait
1108 1951 1176 1986 que
1197 1949 1285 1974 cette
1307 1948 1421 1974 statue
1442 1940 1493 1974 fut
1513 1939 1597 1974 celle
1617 1940 1661 1974 de

180 1995 284 2029 Colin
316 1996 444 2038 Muset,
484 1996 669 2041 jongleur-
682 1998 781 2041 poete
815 1997 873 2041 qui
912 2004 1055 2029 mourut
1090 1995 1175 2029 dans
1208 1995 1240 2029 la
1273 1995 1442 2041 premiere
1475 1995 1582 2040 partie
1614 1994 1659 2028 du

178 2060 257 2085 :ssve
276 2051 378 2085 siecle
395 2060 427 2085 et
445 2052 517 2097 qni,
538 2051 624 2085 dans
641 2063 676 2085 sa
693 2053 863 2097 jeunesse,
887 2052 997 2085 aurait
1016 2051 1142 2085 charite
1162 2051 1289 2085 devant
1306 2050 1338 2084 le
1358 2051 1410 2084 roi
1431 2050 1473 2084 de
1489 2050 1659 2084 Navarre.

180 2106 285 2141 Colin
297 2107 424 2148 Muset‚
438 2107 573 2141 devenu
586 2108 689 2141 vieux
700 2116 731 2141 et
743 2107 851 2149 riche,
874 2108 984 2141 aurait
996 2107 1191 2148 contribue‚
1215 2106 1511 2140 anterieurement
1522 2108 1542 2140 a
1558 2116 1661 2152 1320,

180 2164 199 2195 a
215 2161 247 2196 la
265 2163 501 2196 construction
519 2162 561 2196 de
579 2162 817 2207 Saint-Julien,
838 2170 871 2197 et
888 2163 971 2197 c’est
990 2165 1008 2196 ἐι
1028 2173 1065 2196 ce
1086 2163 1165 2196 titre
1185 2162 1227 2196 de
1245 2161 1430 2195 fondateur
1448 2173 1516 2208 que
1534 2172 1570 2196 sa
1589 2170 1659 2196 sta-

179 2226 238 2252 tue
259 2217 435 2263 figurerait
455 2230 497 2252 au
520 2218 642 2264 portail
663 2218 705 2252 de
728 2227 814 2252 cette
834 2218 950 2263 eglise.
972 2231 988 2249 >³

232 2285 260 2308 1.
289 2274 344 2307 Sic
364 2274 453 2308 Fetis
474 2274 681 2319 (Bingraphie
697 2274 845 2319 ge'ne'rale
867 2274 917 2307 des
937 2274 1118 2316 musicians,
1145 2272 1245 2315 1864,
1264 2273 1332 2307 Sub
1355 2274 1454 2307 Verbo
1474 2273 1608 2318 Muset)
1630 2281 1664 2308 et

180 2329 416 2363 Deme-Bam
444 2331 572 2374 (Nozcv.
604 2329 795 2375 Biographie
818 2329 983 2375 ge'ne'rale,
1017 2328 1134 2374 1866),
1154 2330 1213 2375 qui
1242 2330 1366 2375 prioris
1393 2329 1518 2364 eruditi
1543 2329 1663 2364 locum

181 2386 356 2431 exscripsit
384 2397 390 2419 :
418 2399 434 2417 «
462 2385 489 2419 Il
518 2394 569 2420 est
589 2386 753 2431 probable
776 2397 844 2431 que
867 2385 1064 2419 Delaborde
1094 2397 1113 2419 a
1145 2385 1254 2419 voulu
1280 2385 1391 2431 parler
1411 2385 1470 2420 des
1493 2396 1664 2420 concours

183 2453 249 2488 que
268 2442 300 2475 le
325 2441 376 2475 roi
401 2441 442 2475 de
464 2441 617 2475 Navarre
639 2442 732 2475 avait
757 2441 877 2475 etablis
897 2443 915 2474 a
938 2440 1073 2486 Troyes
1094 2450 1127 2475 et
1151 2443 1169 2474 a
1193 2441 1340 2475 Provins
1368 2452 1456 2486 pour
1479 2441 1528 2475 les
1557 2441 1664 2475 chan-

183 2507 276 2532 sons.
300 2511 316 2530 »
336 2518 379 2522 —
398 2498 499 2537 Quae
517 2498 587 2542 ipsa
607 2498 741 2543 poetica
757 2498 944 2531 certamina
964 2496 1120 2531 fabulosa
1137 2505 1229 2531 sunt.
1253 2498 1346 2531 Haec
1362 2496 1458 2532 fictio
1475 2508 1494 2531 e
1508 2497 1663 2543 quodam

183 2553 274 2594 loco,
292 2564 393 2598 prave
408 2553 646 2598 interpretato,
667 2553 744 2587 libri
762 2553 843 2587 dicti
861 2552 1060 2598 Chroniques
1076 2553 1112 2586 de
1127 2552 1342 2587 Saint-Denis
1362 2553 1537 2599 originem
1551 2552 1661 2588 duxit.

183 2608 239 2644 Cf.
263 2609 375 2643 David
396 2609 503 2651 Huet,
526 2610 685 2643 Positions
704 2609 754 2643 des
772 2609 864 2643 thbses
882 2608 933 2643 des
952 2608 1047 2643 e'leves
1061 2608 1097 2642 de
1116 2601 1232 2643 I'Ecole
1249 2608 1300 2643 des
1318 2608 1465 2652 Char-tes,
1490 2608 1590 2652 1885.
